Account Name       :                	Mr. CHANDAN  MITTAL
Address            :	H NO BX1/1829, STREET NO 5
                                    	GOBIND COLONY
                                    	BARNALA-148101
                                    	Barnala
Date               :                	29 Mar 2022
Account Number     :	_00000036961930527
Account Description:	REGULAR SB CHQ-INDIVIDUALS
Branch             :	BARNALA
Drawing Power      :	0.00
Interest Rate(% p.a.):	2.7
MOD Balance      :	0.00
CIF No.          :	_89860862702
IFS (Indian Financial System) Code         :	SBIN0050027
MICR (Magnetic Ink Character Recognition)  Code        :	_148002056
Nomination Registered    :	No 
Balance on 1 Oct 2021        :	881.12
Start Date          :	1 Oct 2021
End Date            :	29 Mar 2022
Txn Date	Value Date	Description	Ref No./Cheque No.	        Debit	Credit	Balance	
1 Oct 2021	1 Oct 2021	   by debit card-OTHPG 127335679420GOOGLE *TEMPORARY HOLDg.co/helpp--		1.00	 	880.12
1 Oct 2021	1 Oct 2021	   REVERSE POS PUR---		 	1.00	881.12
1 Oct 2021	1 Oct 2021	   TO TRANSFER-UPI/DR/127482605810/SHIV  KU/SBIN/9023609242/Payme--	TRANSFER TO 4694227162095	700.00	 	181.12
2 Oct 2021	2 Oct 2021	   BY TRANSFER-UPI/CR/127537732011/ONE MOBI/ICIC/mobikwikup/5cd58--	TRANSFER FROM 4693597162099	 	200.00	381.12
2 Oct 2021	2 Oct 2021	   TO TRANSFER-UPI/DR/127581682617/Paytm/PYTM/add-money@/Oid15349--	TRANSFER TO 4692631162090	200.00	 	181.12
2 Oct 2021	2 Oct 2021	   BY TRANSFER-INB IMPS127514956211/5891123274/XX5595/SHOPSY Fun--	MAA000889062232          MAA000889062232          	 	123.00	304.12
3 Oct 2021	3 Oct 2021	   BY TRANSFER-UPI/CR/127616266460/Paytm/PYTM/walletmone/NA--	TRANSFER FROM 5098786162094	 	1,389.00	1,693.12
3 Oct 2021	3 Oct 2021	   TO TRANSFER-UPI/DR/127621920170/Paytm Po/PYTM/ptmppl@pay/Oid15--	TRANSFER TO 4898757162094	439.00	 	1,254.12
3 Oct 2021	3 Oct 2021	   TO TRANSFER-UPI/DR/127628914536/Paytm/PYTM/add-money@/Oid15369--	TRANSFER TO 5098102162094	800.00	 	454.12
3 Oct 2021	3 Oct 2021	   TO TRANSFER-UPI/DR/127636408309/Paytm/PYTM/add-money@/Oid15371--	TRANSFER TO 5098078162099	50.00	 	404.12
4 Oct 2021	4 Oct 2021	   BY TRANSFER-UPI/CR/127760307240/Paytm/PYTM/walletmone/NA--	TRANSFER FROM 5098847162096	 	1,285.00	1,689.12
4 Oct 2021	4 Oct 2021	   TO TRANSFER-UPI/DR/127760317254/Paytm Po/PYTM/ptmppl@pay/Oid15--	TRANSFER TO 4692443162093	459.00	 	1,230.12
4 Oct 2021	4 Oct 2021	   BY TRANSFER-UPI/CR/127777394982/Paytm/PYTM/walletmone/NA--	TRANSFER FROM 5098219162092	 	1,024.00	2,254.12
4 Oct 2021	4 Oct 2021	   BY TRANSFER-UPI/CR/127716514026/SANDEEP /HDFC/9814207808/UPI--	TRANSFER FROM 5098833162092	 	1,600.00	3,854.12
4 Oct 2021	4 Oct 2021	   TO TRANSFER-UPI/DR/127797167012/Add Mone/PYTM/add-money@/Oid15--	TRANSFER TO 5097548162094	2,182.00	 	1,672.12
5 Oct 2021	5 Oct 2021	   TO TRANSFER-UPI/DR/127831551337/Indiabul/UTIB/indiabulls/DHANI--	TRANSFER TO 4898280162093	8.00	 	1,664.12
5 Oct 2021	5 Oct 2021	   TO TRANSFER-UPI/DR/127874157807/PHONEPE/YESB/PHONEPEWAL/Paymen--	TRANSFER TO 4898279162097	1.00	 	1,663.12
5 Oct 2021	5 Oct 2021	   BY TRANSFER-UPI/CR/127833940460/Paytm/PYTM/walletmone/NA--	TRANSFER FROM 5098950162097	 	2,182.00	3,845.12
6 Oct 2021	6 Oct 2021	   BY TRANSFER-UPI/CR/127922986924/SHIV  KU/SBIN/mittalshiv/UPI--	TRANSFER FROM 5098425162097	 	3,290.00	7,135.12
7 Oct 2021	7 Oct 2021	   TO TRANSFER-INB Goods and Services Tax (G ---	21100300010198IK0BHZDSJ3               TRANSFER TO	3,290.00	 	3,845.12
7 Oct 2021	7 Oct 2021	   BY TRANSFER-UPI/CR/128015168588/SANDEEP /HDFC/9814207808/UPI--	TRANSFER FROM 5099096162090	 	4,000.00	7,845.12
7 Oct 2021	7 Oct 2021	   BY TRANSFER-UPI/CR/128016622452/Harjinde/CNRB/6239212545/NO RE--	TRANSFER FROM 5098522162096	 	7,500.00	15,345.12
7 Oct 2021	7 Oct 2021	   TO TRANSFER-UPI/DR/128016314540/CRED/UTIB/cred@axisb/payment--	TRANSFER TO 5097794162092	13,200.00	 	2,145.12
8 Oct 2021	8 Oct 2021	   BY TRANSFER-NEFT*HDFC0000001*N281211666579179*RIVAL SOLUTIONS*--	TRANSFER FROM 3199420044306	 	20,000.00	22,145.12
8 Oct 2021	8 Oct 2021	   TO TRANSFER-UPI/DR/128111704671/CRED/UTIB/cred@axisb/payment--	TRANSFER TO 5097922162090	5,000.00	 	17,145.12
8 Oct 2021	8 Oct 2021	   TO TRANSFER-UPI/DR/128112447846/CHANDAN /FDRL/sonymittal/UPI--	TRANSFER TO 4898895162095	5,000.00	 	12,145.12
8 Oct 2021	8 Oct 2021	   TO TRANSFER-UPI/DR/128112481807/CHANDAN /FDRL/sonymittal/UPI--	TRANSFER TO 5099687162090	2,000.00	 	10,145.12
9 Oct 2021	9 Oct 2021	   BY TRANSFER-UPI/CR/128297466671/PUNJBINDER/HDFC/punjbinder/UPI--	TRANSFER FROM 4693567162095	 	530.00	10,675.12
10 Oct 2021	10 Oct 2021	   BY TRANSFER-UPI/CR/128305684314/Chandan /FDRL/cmittal@fb/UPI--	TRANSFER FROM 4693657162093	 	7,000.00	17,675.12
10 Oct 2021	10 Oct 2021	   BY TRANSFER-UPI/CR/128356458597/JAGSEER /ICIC/rammisharm/UPI--	TRANSFER FROM 5099324162095	 	1,186.00	18,861.12
10 Oct 2021	10 Oct 2021	   ATM WDL-ATM CASH 9824  SBI ATM KC ROAD       BARNALA--		10,000.00	 	8,861.12
10 Oct 2021	10 Oct 2021	   ATM WDL-ATM CASH 9825  SBI ATM KC ROAD       BARNALA--		5,000.00	 	3,861.12
10 Oct 2021	10 Oct 2021	   TO TRANSFER-UPI/DR/128351012307/Flipkart/PYTM/paytm-5650/OidPZ--	TRANSFER TO 5097527162099	1,224.00	 	2,637.12
10 Oct 2021	10 Oct 2021	   BY TRANSFER-UPI/CR/128351052509/Paytm/PYTM/walletmone/NA--	TRANSFER FROM 4693018162091	 	100.00	2,737.12
10 Oct 2021	10 Oct 2021	   BY TRANSFER-INB IMPS128323788809/0000000000/XX0003/--	MAB000886087077          MAB000886087077          	 	1.00	2,738.12
12 Oct 2021	12 Oct 2021	   TO TRANSFER-UPI/DR/128511957675/Fi - Fed/FDRL/addfi.5555/UPI--	TRANSFER TO 4692476162095	700.00	 	2,038.12
12 Oct 2021	12 Oct 2021	   BY TRANSFER-UPI/CR/128510334322/Flipkart/PYTM/paytm-5650/expre--	TRANSFER FROM 4693158162090	 	1,124.00	3,162.12
12 Oct 2021	12 Oct 2021	   TO TRANSFER-UPI/DR/128516105741/Fi  Fede/FDRL/addfi.5555/Payme--	TRANSFER TO 4692482162097	300.00	 	2,862.12
12 Oct 2021	12 Oct 2021	   TO TRANSFER-UPI/DR/128515453881/Fi - Fed/FDRL/addfi.5555/UPI--	TRANSFER TO 4692472162099	800.00	 	2,062.12
15 Oct 2021	15 Oct 2021	   BY TRANSFER-UPI/CR/128813001606/Harjinde/CNRB/6239212545/Flipk--	TRANSFER FROM 4693497162093	 	5,500.00	7,562.12
15 Oct 2021	15 Oct 2021	   TO TRANSFER-UPI/DR/128820208161/Smytten/ICIC/smytten.rz/Smytte--	TRANSFER TO 5097883162091	447.00	 	7,115.12
16 Oct 2021	16 Oct 2021	   TO TRANSFER-UPI/DR/128908243645/CHANDAN /YESB/sonymittal/UPI--	TRANSFER TO 4694313162098	5,100.00	 	2,015.12
18 Oct 2021	18 Oct 2021	   TO TRANSFER-UPI/DR/129112367696/Jio Mobi/YESB/jio@yesban/JIO20--	TRANSFER TO 4692429162091	21.00	 	1,994.12
18 Oct 2021	18 Oct 2021	   BY TRANSFER-UPI/CR/129127413509/RITESH  /SBIN/7814269835/Payme--	TRANSFER FROM 4693086162090	 	621.00	2,615.12
19 Oct 2021	19 Oct 2021	   TO TRANSFER-UPI/DR/129208902806/MRIDUL  /SBIN/mridul71gu/UPI--	TRANSFER TO 4693872162097	2,000.00	 	615.12
22 Oct 2021	22 Oct 2021	   BY TRANSFER-INB IMPS129506791867/9999999999/XX9716/SHOPSY Fun--	MAB000897389315          MAB000897389315          	 	306.00	921.12
23 Oct 2021	23 Oct 2021	   TO TRANSFER-UPI/DR/129614729328/Havmor i/PYTM/paytmqr281/UPI--	TRANSFER TO 5098013162095	550.00	 	371.12
23 Oct 2021	23 Oct 2021	   BY TRANSFER-NEFT*HDFC0000240*N296211684071471*RKSV SECURITIES--	TRANSFER FROM 3199955044308	 	9.16	380.28
23 Oct 2021	23 Oct 2021	   BY TRANSFER-UPI/CR/129610880821/RITESH  /SBIN/7814269835/Payme--	TRANSFER FROM 5098673162093	 	69.00	449.28
23 Oct 2021	23 Oct 2021	   BY TRANSFER-UPI/CR/129615083639/Harjinde/CNRB/6239212545/CAKE--	TRANSFER FROM 5099200162094	 	69.00	518.28
23 Oct 2021	23 Oct 2021	   BY TRANSFER-UPI/CR/129615351775/Viapak S/SBIN/9780002520/Gurpr--	TRANSFER FROM 4693588162090	 	69.00	587.28
24 Oct 2021	24 Oct 2021	   BY TRANSFER-INB IMPS129702770604/9999999999/XX9716/SHOPSY Fun--	MAE000000525825          MAE000000525825          	 	506.00	1,093.28
26 Oct 2021	26 Oct 2021	   BY TRANSFER-INB IMPS129912765104/9999999999/XX9716/SHOPSY Fun--	MAC000874693590          MAC000874693590          	 	287.00	1,380.28
26 Oct 2021	26 Oct 2021	   TO TRANSFER-UPI/DR/129914420412/Jio Mobi/YESB/jio@yesban/JIO20--	TRANSFER TO 4692464162099	329.00	 	1,051.28
28 Oct 2021	28 Oct 2021	   BY TRANSFER-INB IMPS130102952430/9999999999/XX9716/SHOPSY Fun--	MAF000002565937          MAF000002565937          	 	862.00	1,913.28
28 Oct 2021	28 Oct 2021	   TO TRANSFER-UPI/DR/130114409310/Chandan /FDRL/cmittal@fb/UPI--	TRANSFER TO 5097843162098	700.00	 	1,213.28
29 Oct 2021	29 Oct 2021	   BY TRANSFER-UPI/CR/130266922253/MANJINDE/HDFC/manjinderg/UPI--	TRANSFER FROM 4693435162096	 	1,900.00	3,113.28
29 Oct 2021	29 Oct 2021	   by debit card-OTHPG 130265097014GOOGLE *Google Storage855-836-39--		130.00	 	2,983.28
30 Oct 2021	30 Oct 2021	   TO TRANSFER-UPI/DR/130314549825/AMAZON/UTIB/amazon@apl/Request--	TRANSFER TO 5097983162098	200.00	 	2,783.28
30 Oct 2021	30 Oct 2021	   BY TRANSFER-INB IMPS130314736639/9999999999/XX9716/SHOPSY Fun--	MAD000003811265          MAD000003811265          	 	122.00	2,905.28
1 Nov 2021	1 Nov 2021	   BY TRANSFER-NEFT*HDFC0000001*N305211695835436*RIVAL SOLUTIONS*--	TRANSFER FROM 3199681044308	 	20,000.00	22,905.28
3 Nov 2021	3 Nov 2021	   TO TRANSFER-UPI/DR/130759969617/Paytm Po/PYTM/ptmppl@pay/Oid15--	TRANSFER TO 4692534162090	31.79	 	22,873.49
4 Nov 2021	4 Nov 2021	   TO TRANSFER-UPI/DR/130816642924/AMAZON/UTIB/amazon@apl/Request--	TRANSFER TO 5097818162099	3.00	 	22,870.49
6 Nov 2021	6 Nov 2021	   TO TRANSFER-INB IMPS/P2A/131008762990/XXXXXXX220YESBnull--	LT0611081467107MOAFJPAUJ4               TRANSFER T	10,000.00	 	12,870.49
6 Nov 2021	6 Nov 2021	   TO TRANSFER-UPI/DR/131050275018/Indiaideas/ICIC/indiaideas/col--	TRANSFER TO 5097971162092	2,700.00	 	10,170.49
9 Nov 2021	9 Nov 2021	   BY TRANSFER-NEFT*RATN0000999*000210230813*PINELABS PVT LTD*REM--	TRANSFER FROM 3199966044306	 	1.96	10,172.45
11 Nov 2021	11 Nov 2021	   TO TRANSFER-UPI/DR/131520135167/CRED/UTIB/cred@axisb/payment--	TRANSFER TO 4692569162090	8,000.00	 	2,172.45
13 Nov 2021	13 Nov 2021	   TO TRANSFER-UPI/DR/131717840942/MANJINDE/HDFC/manjinderg/UPI--	TRANSFER TO 4898915162097	155.00	 	2,017.45
14 Nov 2021	14 Nov 2021	   by debit card-OTHPG 131703632249YOUTUBE               0440920005--		2.00	 	2,015.45
14 Nov 2021	14 Nov 2021	   by debit card-OTHPG 131703338703YOUTUBE               0440920005--		2.00	 	2,013.45
14 Nov 2021	14 Nov 2021	   BY TRANSFER-UPI/CR/131897369160/JASHPAL /PYTM/8759683333/NA--	TRANSFER FROM 5098772162090	 	350.00	2,363.45
14 Nov 2021	14 Nov 2021	   TO TRANSFER-UPI/DR/131823885071/AMAZON/UTIB/amazon@apl/Request--	TRANSFER TO 5097501162098	200.00	 	2,163.45
18 Nov 2021	18 Nov 2021	   TO TRANSFER-UPI/DR/132213024376/MRIDUL  /SBIN/mridul71gu/UPI--	TRANSFER TO 5099588162092	250.00	 	1,913.45
18 Nov 2021	18 Nov 2021	   BY TRANSFER-UPI/CR/132223998118/GOOGLEPAY/UTIB/goog-payme/Earn--	TRANSFER FROM 5099099162097	 	5.00	1,918.45
22 Nov 2021	22 Nov 2021	   TO TRANSFER-UPI/DR/132612794005/Dhani/ICIC/dhani.rzp@/Dhani--	TRANSFER TO 4692427162093	1,059.00	 	859.45
23 Nov 2021	23 Nov 2021	   BY TRANSFER-INB IMPS132707889988/9999999999/XX0220/kewal Shiv--	MAC000889273631          MAC000889273631          	 	47,000.00	47,859.45
23 Nov 2021	23 Nov 2021	   TO TRANSFER-UPI/DR/132707405381/CRED/UTIB/cred@axisb/payment--	TRANSFER TO 4692479162092	12,400.00	 	35,459.45
23 Nov 2021	23 Nov 2021	   TO TRANSFER-INB State Bank Collect--	DUI1199639IGAMLYDLV1               TRANSFER TO 319	29,148.00	 	6,311.45
23 Nov 2021	23 Nov 2021	   TO TRANSFER-UPI/DR/132708270570/MRIDUL  /SBIN/mridul71gu/UPI--	TRANSFER TO 5099461162097	4,500.00	 	1,811.45
23 Nov 2021	23 Nov 2021	   BY TRANSFER-UPI/CR/132799862945/GOOGLEPAY/UTIB/goog-payme/Earn--	TRANSFER FROM 4899338162095	 	5.00	1,816.45
23 Nov 2021	23 Nov 2021	   TO TRANSFER-UPI/DR/132708680765/Dhani/ICIC/dhani.rzp@/Dhani--	TRANSFER TO 5097620162092	1,130.00	 	686.45
23 Nov 2021	23 Nov 2021	   BY TRANSFER-NEFT*HDFC0000240*N327211722804299*RKSV SECURITIES--	TRANSFER FROM 3199683044306	 	4,605.49	5,291.94
23 Nov 2021	23 Nov 2021	   TO TRANSFER-UPI/DR/132712950512/AMAZON/UTIB/amazon@apl/Request--	TRANSFER TO 5097605162091	2,000.00	 	3,291.94
23 Nov 2021	23 Nov 2021	   BULK POSTING-     00000050027 211121 YOUTUBE--		 	2.00	3,293.94
23 Nov 2021	23 Nov 2021	   BULK POSTING-     00000050027 211121 YOUTUBE--		 	2.00	3,295.94
25 Nov 2021	25 Nov 2021	   by debit card-OTHPG 132913271284RAZ*Dhani             Mumbai--		470.00	 	2,825.94
26 Nov 2021	26 Nov 2021	   by debit card-OTHPG 133019120048RAZ*Dhani             Mumbai--		119.00	 	2,706.94
28 Nov 2021	28 Nov 2021	   TO TRANSFER-UPI/DR/133213653600/razorpay/ICIC/razorpay@i/Dhani--	TRANSFER TO 4692673162091	700.00	 	2,006.94
30 Nov 2021	30 Nov 2021	   BY TRANSFER-INB IMPS133408701868/9999999999/XX0220/transfer--	MAE000019409397          MAE000019409397          	 	15,000.00	17,006.94
1 Dec 2021	1 Dec 2021	   BY TRANSFER-INB IMPS133513383178/6364859977/XX7325/CoinDCX Ba--	MAC000893601595          MAC000893601595          	 	1.00	17,007.94
2 Dec 2021	2 Dec 2021	   by debit card-OTHPOS133502456258YOUTUBE CYBS SI       0440920005--		189.00	 	16,818.94
2 Dec 2021	2 Dec 2021	   TO TRANSFER-UPI/DR/133609817254/PUNJBINDER/HDFC/punjbinder/UPI--	TRANSFER TO 5097867162091	10,500.00	 	6,318.94
3 Dec 2021	3 Dec 2021	   TO TRANSFER-UPI/DR/133701943418/Airpay m/SBIN/airpaymana/NA--	TRANSFER TO 5097905162090	200.00	 	6,118.94
3 Dec 2021	3 Dec 2021	   TO TRANSFER-UPI/DR/133702928489/razorpay/ICIC/razorpay@i/Dhani--	TRANSFER TO 4692587162098	500.00	 	5,618.94
3 Dec 2021	3 Dec 2021	   BY TRANSFER-INB IMPS133704441450/0000000000/XX0705/BV12599551--	MAC000894966433          MAC000894966433          	 	1.00	5,619.94
3 Dec 2021	3 Dec 2021	   TO TRANSFER-UPI/DR/133708601088/Upstox/HDFC/upstoxsec@/2UAZUQ--	TRANSFER TO 4692584162091	1,000.00	 	4,619.94
3 Dec 2021	3 Dec 2021	   BY TRANSFER-INB IMPS133716858477/9999999999/XX1900/Payment--	MAA000932887780          MAA000932887780          	 	7,000.00	11,619.94
4 Dec 2021	4 Dec 2021	   BULK POSTING-IMPS/TCC_103/133704099942 / 03120021- Cr--		 	1.00	11,620.94
6 Dec 2021	6 Dec 2021	   BY TRANSFER-NEFT*HDFC0000001*N340211740810743*RIVAL SOLUTIONS*--	TRANSFER FROM 3199967044305	 	20,000.00	31,620.94
7 Dec 2021	7 Dec 2021	   TO TRANSFER-UPI/DR/134109271087/MANJINDE/HDFC/9041462660/UPI--	TRANSFER TO 5097656162091	50.00	 	31,570.94
7 Dec 2021	7 Dec 2021	   TO TRANSFER-UPI/DR/134109339095/MANJINDE/HDFC/9041462660/UPI--	TRANSFER TO 5099438162095	5.00	 	31,565.94
7 Dec 2021	7 Dec 2021	   TO TRANSFER-UPI/DR/134123621757/ATHUL JA/HDFC/securityin/UPI--	TRANSFER TO 5099515162098	200.00	 	31,365.94
8 Dec 2021	8 Dec 2021	   by debit card-OTHPG 134221744276MOBIKWIK              NEW DELHI--		101.18	 	31,264.76
12 Dec 2021	12 Dec 2021	   ATM WDL-ATM CASH 13461 BUS STAND, SANGRUR     SANGRUR--		500.00	 	30,764.76
12 Dec 2021	12 Dec 2021	   TO TRANSFER-UPI/DR/134620664409/Cred/YESB/credcc@yes/payment--	TRANSFER TO 4898757162094	10,000.00	 	20,764.76
14 Dec 2021	14 Dec 2021	   ATM WDL-ATM CASH 368   NEAR CIVIL HOSPITAL , BARNALA--		7,000.00	 	13,764.76
15 Dec 2021	15 Dec 2021	   by debit card-OTHPG 134966107271GOOGLE *TEMPORARY HOLDg.co/helpp--		1.00	 	13,763.76
15 Dec 2021	15 Dec 2021	   REVERSE POS PUR---		 	1.00	13,764.76
19 Dec 2021	19 Dec 2021	   TO TRANSFER-UPI/DR/135316970732/MANPREET/HDFC/7078000027/UPI--	TRANSFER TO 5098149162090	250.00	 	13,514.76
19 Dec 2021	19 Dec 2021	   TO TRANSFER-UPI/DR/135317653976/Standard/UTIB/gpay-11180/UPI--	TRANSFER TO 5098101162095	1,400.00	 	12,114.76
20 Dec 2021	20 Dec 2021	   TO TRANSFER-UPI/DR/135408900350/AMAZON/UTIB/amazon@apl/Request--	TRANSFER TO 4692457162097	10,000.00	 	2,114.76
23 Dec 2021	23 Dec 2021	   by debit card-OTHPG 135715479580RAZ*Transerv Limited  mbai--		94.00	 	2,020.76
23 Dec 2021	23 Dec 2021	   BY TRANSFER-INB IMPS135720725580/9999999999/XX0220/Payment--	MAC000906259666          MAC000906259666          	 	15,000.00	17,020.76
23 Dec 2021	23 Dec 2021	   TO TRANSFER-UPI/DR/135720259950/Cred/YESB/credcc@yes/payment--	TRANSFER TO 5097785162093	14,820.00	 	2,200.76
25 Dec 2021	25 Dec 2021	   CREDIT INTEREST---		 	51.00	2,251.76
31 Dec 2021	31 Dec 2021	   TO TRANSFER-UPI/DR/136507819820/AMAZON/UTIB/amazon@apl/Request--	TRANSFER TO 4692605162091	100.00	 	2,151.76
1 Jan 2022	1 Jan 2022	   TO TRANSFER-UPI/DR/200116295265/MANJINDE/HDFC/9041462660/UPI--	TRANSFER TO 5098021162095	468.00	 	1,683.76
2 Jan 2022	2 Jan 2022	   by debit card-OTHPOS200102414988YOUTUBE CYBS SI       0440920005--		189.00	 	1,494.76
2 Jan 2022	2 Jan 2022	   TO TRANSFER-UPI/DR/200225197214/NSDL BIL/HDFC/nsdl.billd/NSDLP--	TRANSFER TO 4692698162092	8.26	 	1,486.50
3 Jan 2022	3 Jan 2022	   BY TRANSFER-UPI/CR/200383719691/Paytm/PYTM/walletmone/NA--	TRANSFER FROM 4693031162094	 	3,600.00	5,086.50
3 Jan 2022	3 Jan 2022	   BY TRANSFER-UPI/CR/200383909121/Paytm/PYTM/walletmone/NA--	TRANSFER FROM 4693055162096	 	1,500.00	6,586.50
3 Jan 2022	3 Jan 2022	   TO TRANSFER-UPI/DR/200311613956/SANDEEP /HDFC/sandeepkum/UPI--	TRANSFER TO 4693840162093	5,000.00	 	1,586.50
3 Jan 2022	3 Jan 2022	   CSH DEP (CDM)-CDM9040104OPPOSITE PETROL PUMP  BARNALA      PB IN--		 	5,000.00	6,586.50
4 Jan 2022	4 Jan 2022	   TO TRANSFER-UPI/DR/200408506462/SANDEEP /HDFC/sandeepkum/UPI--	TRANSFER TO 4897661162091	1,500.00	 	5,086.50
4 Jan 2022	4 Jan 2022	   BY TRANSFER-UPI/CR/200433169350/ABHISHEK/PYTM/9530987354/NA--	TRANSFER FROM 4897706162092	 	1,000.00	6,086.50
4 Jan 2022	4 Jan 2022	   BY TRANSFER-UPI/CR/200433257160/Paytm/PYTM/walletmone/NA--	TRANSFER FROM 4693113162093	 	5,000.00	11,086.50
4 Jan 2022	4 Jan 2022	   TO TRANSFER-UPI/DR/200409512810/SANDEEP /HDFC/sandeepkum/UPI--	TRANSFER TO 4898820162092	4,500.00	 	6,586.50
4 Jan 2022	4 Jan 2022	   TO TRANSFER-UPI/DR/200410699030/MANJINDE/HDFC/manjinderg/UPI--	TRANSFER TO 4898818162097	5,000.00	 	1,586.50
4 Jan 2022	4 Jan 2022	   BY TRANSFER-UPI/CR/200420286164/GOOGLEPAY/UTIB/goog-payme/Earn--	TRANSFER FROM 4693158162090	 	5.00	1,591.50
6 Jan 2022	6 Jan 2022	   BY TRANSFER-NEFT*HDFC0000240*N006221781910993*RKSV SECURITIES--	TRANSFER FROM 3199965044307	 	1,193.13	2,784.63
7 Jan 2022	7 Jan 2022	   BY TRANSFER-NEFT*HDFC0000001*N007221783684898*RIVAL SOLUTIONS*--	TRANSFER FROM 3199971044309	 	20,000.00	22,784.63
7 Jan 2022	7 Jan 2022	   TO TRANSFER-UPI/DR/200713270541/CRED/UTIB/cred@axisb/payment--	TRANSFER TO 4692605162091	240.00	 	22,544.63
12 Jan 2022	12 Jan 2022	   by debit card-OTHPG 201264261488GOOGLE *TEMPORARY HOLDg.co/helpp--		1.00	 	22,543.63
12 Jan 2022	12 Jan 2022	   REVERSE POS PUR---		 	1.00	22,544.63
12 Jan 2022	12 Jan 2022	   TO TRANSFER-UPI/DR/201221519290/MRIDUL  /SBIN/mridul71gu/UPI--	TRANSFER TO 5099540162096	250.00	 	22,294.63
13 Jan 2022	13 Jan 2022	   TO TRANSFER-UPI/DR/201314236047/Abhishek/PYTM/9530987354/UPI--	TRANSFER TO 4694091162095	1,400.00	 	20,894.63
18 Jan 2022	18 Jan 2022	   TO TRANSFER-INB Goods and Services Tax (G ---	22010300061324IK0BMHSXS9               TRANSFER TO	5,560.00	 	15,334.63
18 Jan 2022	18 Jan 2022	   TO TRANSFER-UPI/DR/201820982222/SURINDER/YESB/q087339517/UPI--	TRANSFER TO 5097620162092	80.00	 	15,254.63
19 Jan 2022	19 Jan 2022	   BY TRANSFER-UPI/CR/201997136165/Saurabh /SBIN/9120964008/NA--	TRANSFER FROM 5099004162098	 	800.00	16,054.63
19 Jan 2022	19 Jan 2022	   BY TRANSFER-UPI/CR/201904735875/YATIN  S/SBIN/9855982448/NA--	TRANSFER FROM 4693254162090	 	1,634.00	17,688.63
19 Jan 2022	19 Jan 2022	   TO TRANSFER-UPI/DR/201920558583/AMAZON/UTIB/amazon@apl/Request--	TRANSFER TO 4692526162090	1,799.00	 	15,889.63
19 Jan 2022	19 Jan 2022	   BY TRANSFER-UPI/CR/201918918890/PUNJBINDER/HDFC/punjbinder/UPI--	TRANSFER FROM 5098403162092	 	1,680.00	17,569.63
21 Jan 2022	21 Jan 2022	   by debit card-OTHPG 202134324338GOOGLE *TEMPORARY HOLDg.co/helpp--		1.00	 	17,568.63
21 Jan 2022	21 Jan 2022	   REVERSE POS PUR---		 	1.00	17,569.63
21 Jan 2022	21 Jan 2022	   by debit card-SBIPG 202150003152godaddCCA             Mumbai--		3,140.74	 	14,428.89
21 Jan 2022	21 Jan 2022	   by debit card-OTHPG 202163294883GOOGLE *TEMPORARY HOLDg.co/helpp--		1.00	 	14,427.89
21 Jan 2022	21 Jan 2022	   REVERSE POS PUR---		 	1.00	14,428.89
21 Jan 2022	21 Jan 2022	   by debit card-OTHPG 202163294920GOOGLE *TEMPORARY HOLDg.co/helpp--		1.00	 	14,427.89
21 Jan 2022	21 Jan 2022	   REVERSE POS PUR---		 	1.00	14,428.89
21 Jan 2022	21 Jan 2022	   by debit card-OTHPG 202112792440GOOGLE PLAY           0224092000--		2.00	 	14,426.89
24 Jan 2022	24 Jan 2022	   BULK POSTING-IPAY_RFND    godaddCCATXN202250013675DT 22-01-22--		 	872.02	15,298.91
25 Jan 2022	25 Jan 2022	   TO TRANSFER-UPI/DR/202513653637/UPSTOX/UTIB/upstoxsec2/UPSTOX--	TRANSFER TO 5097622162091	2,000.00	 	13,298.91
25 Jan 2022	25 Jan 2022	   TO TRANSFER-UPI/DR/202511444422/MANJINDE/HDFC/9041462660/UPI--	TRANSFER TO 5099434162099	3,000.00	 	10,298.91
29 Jan 2022	29 Jan 2022	   BY TRANSFER-UPI/CR/202921514074/SHIV  KU/SBIN/mittalshiv/UPI--	TRANSFER FROM 4899373162093	 	4,000.00	14,298.91
29 Jan 2022	29 Jan 2022	   TO TRANSFER-UPI/DR/202921603859/SOURAV  /SBIN/souravmitt/UPI--	TRANSFER TO 4694377162093	14,000.00	 	298.91
29 Jan 2022	29 Jan 2022	   BY TRANSFER-UPI/CR/202991648055/GOOGLEPAY/UTIB/goog-payme/Earn--	TRANSFER FROM 5099195162098	 	5.00	303.91
2 Feb 2022	2 Feb 2022	   by debit card-OTHPOS203202407798YOUTUBE CYBS SI       0440920005--		189.00	 	114.91
3 Feb 2022	3 Feb 2022	   BY TRANSFER-INB IMPS203403869269/9999999999/XX0063/transfer--	MAA000966369507          MAA000966369507          	 	42.00	156.91
3 Feb 2022	3 Feb 2022	   CSH DEP (CDM)-CDM8040108SBI BARNALA           BARNALA      PB IN--		 	9,500.00	9,656.91
3 Feb 2022	3 Feb 2022	   BY TRANSFER-UPI/CR/203456107589/PRINCE G/SBIN/princegoya/UPI--	TRANSFER FROM 4693390162093	 	8,000.00	17,656.91
4 Feb 2022	4 Feb 2022	   BY TRANSFER-UPI/CR/203597833900/ABHISHEK/HDFC/9803150050/UPI--	TRANSFER FROM 4897721162094	 	5,000.00	22,656.91
4 Feb 2022	4 Feb 2022	   TO TRANSFER-UPI/DR/203521352989/SHIV  KU/SBIN/mittalshiv/UPI--	TRANSFER TO 4898881162091	7,400.00	 	15,256.91
5 Feb 2022	5 Feb 2022	   BY TRANSFER-NEFT*HDFC0000001*N036221821047057*RIVAL SOLUTIONS*--	TRANSFER FROM 3199423044304	 	20,000.00	35,256.91
6 Feb 2022	6 Feb 2022	   TO TRANSFER-UPI/DR/203709497526/Cred/YESB/credcc@yes/payment--	TRANSFER TO 5098108162098	10,000.00	 	25,256.91
8 Feb 2022	8 Feb 2022	   BY TRANSFER-NEFT*HDFC0000240*N039221824756528*RKSV SECURITIES--	TRANSFER FROM 3199415044304	 	2,200.00	27,456.91
8 Feb 2022	8 Feb 2022	   TO TRANSFER-UPI/DR/203912998401/CRED/UTIB/cred@axisb/payment--	TRANSFER TO 5097608162098	2,900.00	 	24,556.91
9 Feb 2022	9 Feb 2022	   TO TRANSFER-INB IMPS/P2A/204009582233/XXXXXXX220YESBnull--	LT0902091773931MOAFUHDGG1               TRANSFER T	22,000.00	 	2,556.91
9 Feb 2022	9 Feb 2022	   TO TRANSFER-UPI/DR/204070127677/Paytm Po/PYTM/ptmppl@pay/Oid17--	TRANSFER TO 5097702162090	250.00	 	2,306.91
10 Feb 2022	10 Feb 2022	   TO TRANSFER-UPI/DR/204115838593/MANJINDE/HDFC/manjinderg/UPI--	TRANSFER TO 4694123162093	50.00	 	2,256.91
11 Feb 2022	11 Feb 2022	   TO TRANSFER-UPI/DR/204218757275/Jio Mobi/YESB/jio@yesban/JIO20--	TRANSFER TO 4898286162098	20.00	 	2,236.91
15 Feb 2022	15 Feb 2022	   by debit card-OTHPG 204663274099GOOGLE *TEMPORARY HOLDg.co/helpp--		104.96	 	2,131.95
15 Feb 2022	15 Feb 2022	   REVERSE POS PUR---		 	104.96	2,236.91
15 Feb 2022	15 Feb 2022	   by debit card-OTHPG 204602378328Skype                 Luxembourg--		104.96	 	2,131.95
15 Feb 2022	15 Feb 2022	   REVERSE POS PUR---		 	104.96	2,236.91
15 Feb 2022	15 Feb 2022	   BY TRANSFER-UPI/CR/204677536801/SHIV  KU/SBIN/9023609242/Payme--	TRANSFER FROM 5098911162095	 	1,100.00	3,336.91
15 Feb 2022	15 Feb 2022	   by debit card-OTHPG 204616228052RAZ*Transerv Limited  mbai--		1,219.00	 	2,117.91
15 Feb 2022	15 Feb 2022	   by debit card-OTHPG 204616228197RAZ*Transerv Limited  mbai--		10.00	 	2,107.91
18 Feb 2022	18 Feb 2022	   by debit card-OTHPG 204911733963RAZ*Transerv Limited  mbai--		150.00	 	1,957.91
20 Feb 2022	20 Feb 2022	   BY TRANSFER-UPI/CR/205108257498/ANJNA/SBIN/mittalanjn/UPI--	TRANSFER FROM 5099298162091	 	1,000.00	2,957.91
20 Feb 2022	20 Feb 2022	   by debit card-OTHPG 205112106765RAZ*Transerv Limited  mbai--		240.00	 	2,717.91
26 Feb 2022	26 Feb 2022	   TO TRANSFER-UPI/DR/205715437973/Delhiver/HDFC/delhivery2/UPI--	TRANSFER TO 4692631162090	76.00	 	2,641.91
1 Mar 2022	1 Mar 2022	   TO TRANSFER-UPI/DR/206076972280/Paytm Po/PYTM/ptmppl@pay/Oid17--	TRANSFER TO 5097625162098	8.85	 	2,633.06
3 Mar 2022	3 Mar 2022	   BY TRANSFER-NEFT*HDFC0000001*N062221856518417*RIVAL SOLUTIONS*--	TRANSFER FROM 3199417044302	 	17,000.00	19,633.06
3 Mar 2022	3 Mar 2022	   TO TRANSFER-UPI/DR/206223190335/AMAZONPA/UTIB/amazonupi@/Reque--	TRANSFER TO 5097922162090	200.00	 	19,433.06
4 Mar 2022	4 Mar 2022	   BULK POSTING-UPI/205715437973/DRC/MANUAL--		 	76.00	19,509.06
5 Mar 2022	5 Mar 2022	   BY TRANSFER-NEFT*HDFC0000240*N064221860639534*RKSV SECURITIES--	TRANSFER FROM 3199423044304	 	1.04	19,510.10
9 Mar 2022	9 Mar 2022	   BY TRANSFER-UPI/CR/206865057962/GOOGLEPAY/UTIB/goog-payme/Earn--	TRANSFER FROM 5099009162093	 	5.00	19,515.10
11 Mar 2022	11 Mar 2022	   ATM WDL-ATM CASH 966   SD COLLEGE BARNALA    BARNALA--		7,500.00	 	12,015.10
11 Mar 2022	11 Mar 2022	   ATM WDL-ATM CASH 967   SD COLLEGE BARNALA    BARNALA--		7,500.00	 	4,515.10
11 Mar 2022	11 Mar 2022	   BY TRANSFER-UPI/CR/207038291645/PUNJBINDER/HDFC/punjbinder/UPI--	TRANSFER FROM 5098682162092	 	700.00	5,215.10
11 Mar 2022	11 Mar 2022	   TO TRANSFER-UPI/DR/207023578133/AMAZONPA/UTIB/amazonupi@/Reque--	TRANSFER TO 4692646162093	700.00	 	4,515.10
11 Mar 2022	11 Mar 2022	   TO TRANSFER-UPI/DR/207023467872/credclub1/UTIB/cred.club@/paym--	TRANSFER TO 4692644162095	1,000.00	 	3,515.10
12 Mar 2022	12 Mar 2022	   BY TRANSFER-INB IMPS207115825601/9999999999/XX9716/SHOPSY Fun--	MAB000975233849          MAB000975233849          	 	106.00	3,621.10
15 Mar 2022	15 Mar 2022	   TO TRANSFER-UPI/DR/207414491333/credclub1/UTIB/cred.club@/paym--	TRANSFER TO 5097614162091	1,500.00	 	2,121.10
16 Mar 2022	16 Mar 2022	   BY TRANSFER-UPI/CR/207582350159/Paytm/PYTM/walletmone/NA--	TRANSFER FROM 4693272162099	 	300.00	2,421.10
21 Mar 2022	21 Mar 2022	   BY TRANSFER-UPI/CR/208096671019/PUNJBINDER/HDFC/punjbinder/UPI--	TRANSFER FROM 5098237162090	 	31,890.00	34,311.10
21 Mar 2022	21 Mar 2022	   TO TRANSFER-UPI/DR/208015587129/credclub1/UTIB/cred.club@/paym--	TRANSFER TO 5097537162097	25,000.00	 	9,311.10
22 Mar 2022	22 Mar 2022	   BY TRANSFER-UPI/CR/208120415221/SHIV  KU/SBIN/mittalshiv/UPI--	TRANSFER FROM 4693159162099	 	5,000.00	14,311.10
22 Mar 2022	22 Mar 2022	   TO TRANSFER-UPI/DR/208120767596/credclub1/UTIB/cred.club@/paym--	TRANSFER TO 5097599162094	12,000.00	 	2,311.10
24 Mar 2022	24 Mar 2022	   TO TRANSFER-UPI/DR/208310494862/GEETA  R/SBIN/Q35497919@/UPI--	TRANSFER TO 4898869162097	5.00	 	2,306.10
25 Mar 2022	25 Mar 2022	   BY TRANSFER-NEFT*YESB0000270*N084221092100101*CHANDAN  MITTAL*--	TRANSFER FROM 3199419044300	 	1,75,000.00	1,77,306.10
25 Mar 2022	25 Mar 2022	   Forex Txn-              EUR -2005 @ 85.5    0111122TS5107100--		1,71,428.00	 	5,878.10
25 Mar 2022	25 Mar 2022	   Forex Txn-Commission--		855.00	 	5,023.10
25 Mar 2022	25 Mar 2022	   Forex Txn-Service--		244.26	 	4,778.84
25 Mar 2022	25 Mar 2022	   CREDIT INTEREST---		 	61.00	4,839.84
26 Mar 2022	26 Mar 2022	   TO TRANSFER-UPI/DR/208500159987/Times In/INDB/timesprime/UPI--	TRANSFER TO 5097998162091	200.00	 	4,639.84
27 Mar 2022	27 Mar 2022	   TO TRANSFER-UPI/DR/208522690442/CRED/YESB/cred.ccbp@/payment--	TRANSFER TO 5097982162099	1,136.00	 	3,503.84
27 Mar 2022	27 Mar 2022	   by debit card-OTHPG 208609493280GOOGLE CLOUD          0224092000--		2.00	 	3,501.84
27 Mar 2022	27 Mar 2022	   by debit card-OTHPG 208610284628GOOGLE CLOUD          0224092000--		2.00	 	3,499.84
28 Mar 2022	28 Mar 2022	   TO TRANSFER-UPI/DR/208719217996/SURINDER/YESB/Q087339517/UPI--	TRANSFER TO 4692458162096	80.00	 	3,419.84

**This is a computer generated statement and does not require a signature

