Account Name       :                	Mr. CHANDAN  MITTAL
Address            :	H NO BX1/1829, STREET NO 5
                                    	GOBIND COLONY
                                    	BARNALA-148101
                                    	Barnala
Date               :                	29 Mar 2022
Account Number     :	_00000036961930527
Account Description:	REGULAR SB CHQ-INDIVIDUALS
Branch             :	BARNALA
Drawing Power      :	0.00
Interest Rate(% p.a.):	2.7
MOD Balance      :	0.00
CIF No.          :	_89860862702
IFS (Indian Financial System) Code         :	SBIN0050027
MICR (Magnetic Ink Character Recognition)  Code        :	_148002056
Nomination Registered    :	No 
Balance on 1 Apr 2021        :	2,399.30
Start Date          :	1 Apr 2021
End Date            :	29 Mar 2022
Txn Date	Value Date	Description	Ref No./Cheque No.	        Debit	Credit	Balance	
1 Apr 2021	1 Apr 2021	   BY TRANSFER-UPI/CR/109109026874/Jagsir S/IDFB/9463160818/NO RE--	TRANSFER FROM 5099091162095	 	229.00	2,628.30
2 Apr 2021	2 Apr 2021	   TO TRANSFER-UPI/DR/109216376136/DAVINDER/PUNB/singhdavin/UPI--	TRANSFER TO 5097927162095	2,000.00	 	628.30
2 Apr 2021	2 Apr 2021	   BY TRANSFER-UPI/CR/109285209435/Paytm/PYTM/walletmone/NA--	TRANSFER FROM 4899366162092	 	2,000.00	2,628.30
3 Apr 2021	3 Apr 2021	   TO TRANSFER-UPI/DR/109301397211/Paytm/PYTM/add-money@/Oid13199--	TRANSFER TO 5097979162094	162.00	 	2,466.30
3 Apr 2021	3 Apr 2021	   TO TRANSFER-UPI/DR/109314711040/Airtel H/UTIB/airtelin.r/Bhart--	TRANSFER TO 5098016162092	586.00	 	1,880.30
3 Apr 2021	3 Apr 2021	   BY TRANSFER-UPI/CR/109315198821/JAGSIR S/SBIN/9463160818/NO RE--	TRANSFER FROM 5098681162093	 	132.00	2,012.30
3 Apr 2021	3 Apr 2021	   BY TRANSFER-UPI/CR/109317300311/CHANDAN /YESB/sonymittal/UPI--	TRANSFER FROM 5099241162097	 	500.00	2,512.30
3 Apr 2021	3 Apr 2021	   TO TRANSFER-UPI/DR/109320491174/AMAZON/UTIB/amazon@apl/Request--	TRANSFER TO 5097997162092	599.00	 	1,913.30
4 Apr 2021	4 Apr 2021	   BY TRANSFER-UPI/CR/109408065776/CHANDAN /YESB/sonymittal/UPI--	TRANSFER FROM 5099300162091	 	600.00	2,513.30
7 Apr 2021	7 Apr 2021	   TO TRANSFER-UPI/DR/109716577665/DAVINDER/PUNB/singhdavin/UPI--	TRANSFER TO 5099522162099	500.00	 	2,013.30
7 Apr 2021	7 Apr 2021	   BY TRANSFER-UPI/CR/109716603803/GOOGLEPAY/UTIB/goog-payme/UPI--	TRANSFER FROM 5098405162090	 	5.00	2,018.30
8 Apr 2021	8 Apr 2021	   BY TRANSFER-UPI/CR/109829586542/DAVINDER/IOBA/8437642009/NA--	TRANSFER FROM 5099032162095	 	500.00	2,518.30
9 Apr 2021	9 Apr 2021	   TO TRANSFER-UPI/DR/109952078441/Paytm/PYTM/add-money@/Oid13242--	TRANSFER TO 5097923162099	670.00	 	1,848.30
10 Apr 2021	10 Apr 2021	   BY TRANSFER-UPI/CR/110015350265/CHANDAN /YESB/sonymittal/UPI--	TRANSFER FROM 4897722162093	 	200.00	2,048.30
13 Apr 2021	13 Apr 2021	   BY TRANSFER-UPI/CR/110320102310/MRIDUL  /SBIN/mridul71gu/UPI--	TRANSFER FROM 5098925162099	 	4,500.00	6,548.30
13 Apr 2021	13 Apr 2021	   BY TRANSFER-UPI/CR/110320122675/MRIDUL  /SBIN/mridul71gu/UPI--	TRANSFER FROM 4898953162091	 	200.00	6,748.30
15 Apr 2021	15 Apr 2021	   by debit card-SBIPG TW0068084395AMAZON                MUMBAI--		231.00	 	6,517.30
18 Apr 2021	18 Apr 2021	   BY TRANSFER-UPI/CR/110870344933/SHIV  KU/SBIN/9023609242/Payme--	TRANSFER FROM 5098768162096	 	2,900.00	9,417.30
18 Apr 2021	18 Apr 2021	   TO TRANSFER-INB Goods and Services Tax (G--	21040300075882IK0BCBUWB0               TRANSFER TO	7,360.00	 	2,057.30
19 Apr 2021	19 Apr 2021	   TO TRANSFER-UPI/DR/110910807765/DAVINDER/PUNB/singhdavin/UPI--	TRANSFER TO 5099357162096	2,000.00	 	57.30
19 Apr 2021	19 Apr 2021	   BY TRANSFER-UPI/CR/110915376288/DAVINDER/IOBA/8437642009/NA--	TRANSFER FROM 4898940162095	 	2,000.00	2,057.30
24 Apr 2021	24 Apr 2021	   BY TRANSFER-UPI/CR/111419060841/SHIV  KU/SBIN/9023609242/Payme--	TRANSFER FROM 5099194162099	 	1,520.00	3,577.30
25 Apr 2021	25 Apr 2021	   by debit card-OTHPG 111503621121MOBIKWIK              GURGAON--		1,517.50	 	2,059.80
28 Apr 2021	28 Apr 2021	   TO TRANSFER-UPI/DR/111806766688/MOBIKWIK/ICIC/mobikwikad/NA--	TRANSFER TO 4692524162092	10.00	 	2,049.80
29 Apr 2021	29 Apr 2021	   by debit card-OTHPG 111864773064GOOGLE *Google Storage855-836-39--		130.00	 	1,919.80
29 Apr 2021	29 Apr 2021	   BY TRANSFER-UPI/CR/111911625906/CHANDAN /YESB/sonymittal/UPI--	TRANSFER FROM 5098505162096	 	100.00	2,019.80
29 Apr 2021	29 Apr 2021	   BY TRANSFER-NEFT*HDFC0000001*N119211487803294*RIVAL SOLUTIONS*--	TRANSFER FROM 3199420044306	 	20,000.00	22,019.80
1 May 2021	1 May 2021	   by debit card-OTHPG 112108572621boAt                  400063--		206.10	 	21,813.70
3 May 2021	3 May 2021	   TO TRANSFER-UPI/DR/112308586234/MOBIKWIK/ICIC/mobikwikad/NA--	TRANSFER TO 5097526162090	357.00	 	21,456.70
3 May 2021	3 May 2021	   BULK POSTING-ACHCr NACH00000000024864 THE PUNJAB STA--		 	79,000.00	1,00,456.70
3 May 2021	3 May 2021	   BY TRANSFER-UPI/CR/112319002675/MRIDUL  /SBIN/mridul71gu/UPI--	TRANSFER FROM 4693016162093	 	100.00	1,00,556.70
4 May 2021	4 May 2021	   TO TRANSFER-INB IMPS/P2A/112418539088/XXXXXXX220YESBnull--	LT0405184737773MOAEJZEFR8               TRANSFER T	15,000.00	 	85,556.70
5 May 2021	5 May 2021	   TO TRANSFER-INB IMPS/P2A/112509820338/XXXXXXX655YESBnull--	LT0505090072352MOAEKAUQI2               TRANSFER T	75,000.00	 	10,556.70
6 May 2021	6 May 2021	   by debit card-OTHPG 112608056105MOBIKWIK              GURGAON--		3,300.00	 	7,256.70
6 May 2021	6 May 2021	   by debit card-OTHPG 112617152432MOBIKWIK              GURGAON--		422.00	 	6,834.70
8 May 2021	8 May 2021	   TO TRANSFER-UPI/DR/112722896049/Flipkart/YESB/fkrt@ybl/UPI--	TRANSFER TO 4692593162090	659.00	 	6,175.70
10 May 2021	10 May 2021	   TO TRANSFER-UPI/DR/113011280444/MOBIKWIK/ICIC/mobikwikad/NA--	TRANSFER TO 5097509162090	450.00	 	5,725.70
10 May 2021	10 May 2021	   ATM WDL-ATM CASH 6081  SBI ATM KC ROAD       BARNALA--		2,500.00	 	3,225.70
12 May 2021	12 May 2021	   TO TRANSFER-UPI/DR/113210583129/AMAN MAL/ICIC/7888425611/UPI--	TRANSFER TO 4693971162095	250.00	 	2,975.70
13 May 2021	13 May 2021	   BY TRANSFER-UPI/CR/113315005637/GURPREET/SBIN/gurpreet38/UPI--	TRANSFER FROM 4898969162094	 	65.00	3,040.70
13 May 2021	13 May 2021	   BY TRANSFER-UPI/CR/113315478125/MANDEEP /HDFC/mandeepkum/UPI--	TRANSFER FROM 4693317162092	 	55.00	3,095.70
15 May 2021	15 May 2021	   TO TRANSFER-UPI/DR/113521024492/razorpay/ICIC/razorpay@i/SPIRI--	TRANSFER TO 4898752162099	593.00	 	2,502.70
19 May 2021	19 May 2021	   BY TRANSFER-INB IMPS113910954705/9999999999/XX9716/UPSTOX--	MAC000735325290          MAC000735325290          	 	1.00	2,503.70
19 May 2021	19 May 2021	   TO TRANSFER-UPI/DR/113916977728/DAVINDER/PUNB/singhdavin/UPI--	TRANSFER TO 5099522162099	500.00	 	2,003.70
20 May 2021	20 May 2021	   TO TRANSFER-UPI/DR/114012511165/MOBIKWIK/ICIC/mobikwikad/NA--	TRANSFER TO 5097800162097	381.00	 	1,622.70
24 May 2021	24 May 2021	   TO TRANSFER-UPI/DR/114435678937/LAKSHAY /PYTM/9811444582/NA--	TRANSFER TO 5097554162096	250.00	 	1,372.70
27 May 2021	27 May 2021	   TO TRANSFER-UPI/DR/114717941753/ABHISHEK/HDFC/9803150050/UPI--	TRANSFER TO 4694115162093	1,000.00	 	372.70
28 May 2021	28 May 2021	   BY TRANSFER-UPI/CR/114819240798/ABHISHEK/HDFC/9803150050/UPI--	TRANSFER FROM 5099155162095	 	1,000.00	1,372.70
29 May 2021	29 May 2021	   BY TRANSFER-UPI/CR/114900281124/GOOGLEPAY/UTIB/goog-payme/Earn--	TRANSFER FROM 5099222162090	 	5.00	1,377.70
29 May 2021	29 May 2021	   BY TRANSFER-UPI/CR/114928773201/Paytm/PYTM/walletmone/NA--	TRANSFER FROM 5098671162095	 	1,000.00	2,377.70
29 May 2021	29 May 2021	   TO TRANSFER-UPI/DR/114900092865/ROHIT KU/UTIB/kumarrohit/UPI--	TRANSFER TO 4694339162098	1,000.00	 	1,377.70
29 May 2021	29 May 2021	   TO TRANSFER-UPI/DR/114918968801/Mobikwik/ICIC/mobikwikon/NA--	TRANSFER TO 5097990162098	570.00	 	807.70
31 May 2021	31 May 2021	   BY TRANSFER-UPI/CR/115110300192/Mobikwik/ICIC/mobikwikon/refun--	TRANSFER FROM 5098233162094	 	570.00	1,377.70
31 May 2021	31 May 2021	   TO TRANSFER-UPI/DR/115121599332/CRED/UTIB/cred@axisb/payment--	TRANSFER TO 5097513162095	570.00	 	807.70
2 Jun 2021	2 Jun 2021	   TO TRANSFER-UPI/DR/115312569572/flipkart/UTIB/flipkart.p/UPI T--	TRANSFER TO 4692501162098	584.00	 	223.70
5 Jun 2021	5 Jun 2021	   BY TRANSFER-UPI/CR/115618162872/SHIV  KU/SBIN/mittalshiv/UPI--	TRANSFER FROM 4693633162091	 	555.00	778.70
5 Jun 2021	5 Jun 2021	   TO TRANSFER-UPI/DR/115618565084/AMAZON/UTIB/amazon@apl/Request--	TRANSFER TO 4692620162092	555.00	 	223.70
6 Jun 2021	6 Jun 2021	   TO TRANSFER-UPI/DR/115700255454/PaytmOff/ICIC/paytm-offl/Oid46--	TRANSFER TO 5098069162090	100.00	 	123.70
7 Jun 2021	7 Jun 2021	   BY TRANSFER-UPI/CR/115858931301/SHIV  KU/SBIN/9023609242/Payme--	TRANSFER FROM 5098214162097	 	400.00	523.70
7 Jun 2021	7 Jun 2021	   TO TRANSFER-UPI/DR/115815769233/AMAZON/UTIB/amazon@apl/Request--	TRANSFER TO 5097532162092	379.00	 	144.70
7 Jun 2021	7 Jun 2021	   BY TRANSFER-INB Netflix pay--	IHO9609110               TRANSFER FROM 20193435180	 	210.00	354.70
8 Jun 2021	8 Jun 2021	   BY TRANSFER-UPI/CR/115903490000/SHIV  KU/SBIN/9023609242/Payme--	TRANSFER FROM 5098904162093	 	517.00	871.70
8 Jun 2021	8 Jun 2021	   by debit card-SBIPG 115940035595SBCSBIDEBITCARD       Mumbai--		517.00	 	354.70
8 Jun 2021	8 Jun 2021	   BY TRANSFER-INB IMPS115919783674/9999999999/XX0220/fees--	MAC000749601167          MAC000749601167          	 	45,000.00	45,354.70
8 Jun 2021	8 Jun 2021	   BY TRANSFER-UPI/CR/115919641597/CHANDAN /YESB/sonymittal/UPI--	TRANSFER FROM 4693189162094	 	11,000.00	56,354.70
8 Jun 2021	8 Jun 2021	   by debit card-SBIPG 115930056128SBCSBIDEBITCARD       Mumbai--		56,000.00	 	354.70
8 Jun 2021	8 Jun 2021	   BY TRANSFER-INB IMPS115923022379/9762148373/XX0002/Account va--	MAC000749737418          MAC000749737418          	 	1.00	355.70
9 Jun 2021	9 Jun 2021	   BY TRANSFER-NEFT*HDFC0000001*N160211528125631*RIVAL SOLUTIONS*--	TRANSFER FROM 3199972044308	 	20,000.00	20,355.70
10 Jun 2021	10 Jun 2021	   TO TRANSFER-INB IMPS/P2A/116114629672/XXXXXXX220YESBnull--	LT1006140841058MOAEPAYAF8               TRANSFER T	18,000.00	 	2,355.70
11 Jun 2021	11 Jun 2021	   TO TRANSFER-UPI/DR/116222966080/Upstox/HDFC/upstoxcom@/2UAZUQ--	TRANSFER TO 4898750162090	100.00	 	2,255.70
12 Jun 2021	12 Jun 2021	   by debit card-OTHPG 116348677457GOOGLE *TEMPORARY HOLDg.co/helpp--		1.00	 	2,254.70
12 Jun 2021	12 Jun 2021	   REVERSE POS PUR---		 	1.00	2,255.70
12 Jun 2021	12 Jun 2021	   by debit card-OTHPG 116308613621ZED LIFESTYLE P GurgaoGurgaon--		500.00	 	1,755.70
12 Jun 2021	12 Jun 2021	   TO TRANSFER-UPI/DR/116313719538/Zomato/HDFC/zomato@hdf/ZomatoO--	TRANSFER TO 4692656162091	169.00	 	1,586.70
13 Jun 2021	13 Jun 2021	   TO TRANSFER-UPI/DR/116321402555/Upstox/HDFC/upstoxcom@/2UAZUQ--	TRANSFER TO 5098012162096	100.00	 	1,486.70
14 Jun 2021	14 Jun 2021	   TO TRANSFER-UPI/DR/116509049350/Upstox/HDFC/upstoxcom@/2UAZUQ--	TRANSFER TO 4692441162095	100.00	 	1,386.70
14 Jun 2021	14 Jun 2021	   BY TRANSFER-NEFT*HDFC0000240*N165211532957463*RKSV COMMODITIES--	TRANSFER FROM 3199417044302	 	100.00	1,486.70
15 Jun 2021	15 Jun 2021	   BY TRANSFER-NEFT*HDFC0000240*N166211534194989*RKSV COMMODITIES--	TRANSFER FROM 3199968044304	 	200.00	1,686.70
15 Jun 2021	15 Jun 2021	   BY TRANSFER-UPI/CR/116615838794/CHANDAN /YESB/sonymittal/UPI--	TRANSFER FROM 5098894162090	 	1,000.00	2,686.70
15 Jun 2021	15 Jun 2021	   TO TRANSFER-UPI/DR/116615880329/Upstox/HDFC/upstoxsec@/2UAZUQ--	TRANSFER TO 4692481162098	500.00	 	2,186.70
15 Jun 2021	15 Jun 2021	   BY TRANSFER-UPI/CR/116615897777/MALKIT K/SBIN/9463160818/Send--	TRANSFER FROM 4693125162099	 	169.00	2,355.70
15 Jun 2021	15 Jun 2021	   TO TRANSFER-UPI/DR/116615628221/MANJINDE/HDFC/9041462660/Send--	TRANSFER TO 4693926162099	50.00	 	2,305.70
15 Jun 2021	15 Jun 2021	   BY TRANSFER-UPI/CR/116615487019/GURPREET/SBIN/9815738300/UPI--	TRANSFER FROM 4899340162090	 	50.00	2,355.70
15 Jun 2021	15 Jun 2021	   TO TRANSFER-UPI/DR/116616147831/GURPREET/SBIN/9815738300/UPI--	TRANSFER TO 4693934162099	50.00	 	2,305.70
19 Jun 2021	19 Jun 2021	   TO TRANSFER-UPI/DR/117008780031/AMAZON/UTIB/amazon@apl/Request--	TRANSFER TO 5097990162098	284.00	 	2,021.70
21 Jun 2021	21 Jun 2021	   BY TRANSFER-UPI/CR/117285987129/Paytm/PYTM/walletmone/NA--	TRANSFER FROM 4693043162090	 	180.00	2,201.70
22 Jun 2021	22 Jun 2021	   BY TRANSFER-UPI/CR/117304455582/CHANDAN /YESB/sonymittal/UPI--	TRANSFER FROM 5098930162091	 	2,100.00	4,301.70
22 Jun 2021	22 Jun 2021	   by debit card-OTHPG 117308148932M R S PUNJAB TECHNICALBHATINDA--		2,100.00	 	2,201.70
24 Jun 2021	24 Jun 2021	   TO TRANSFER-UPI/DR/117510128731/Dhani/UTIB/dhani.rzp@/Dhani--	TRANSFER TO 5097823162092	298.00	 	1,903.70
24 Jun 2021	24 Jun 2021	   TO TRANSFER-UPI/DR/117515995364/MANJINDE/HDFC/devchallen/UPI--	TRANSFER TO 5099613162097	50.00	 	1,853.70
24 Jun 2021	24 Jun 2021	   BY TRANSFER-UPI/CR/117520021839/CHANDAN /YESB/sonymittal/UPI--	TRANSFER FROM 4693321162096	 	250.00	2,103.70
25 Jun 2021	25 Jun 2021	   CREDIT INTEREST---		 	43.00	2,146.70
26 Jun 2021	26 Jun 2021	   TO TRANSFER-UPI/DR/117708706168/CHANDAN /YESB/sonymittal/UPI--	TRANSFER TO 5098030162093	700.00	 	1,446.70
26 Jun 2021	26 Jun 2021	   BY TRANSFER-UPI/CR/117708640451/CHANDAN /YESB/sonymittal/UPI--	TRANSFER FROM 4693531162096	 	3,660.00	5,106.70
26 Jun 2021	26 Jun 2021	   TO TRANSFER-UPI/DR/117792042100/MOBIKWIK/ICIC/mobikwikad/NA--	TRANSFER TO 5098016162092	3,100.00	 	2,006.70
26 Jun 2021	26 Jun 2021	   by debit card-OTHPG 117767477011GOOGLE *TEMPORARY HOLDg.co/helpp--		1.00	 	2,005.70
26 Jun 2021	26 Jun 2021	   REVERSE POS PUR---		 	1.00	2,006.70
26 Jun 2021	26 Jun 2021	   by debit card-SBIPG TT0146879752AIRTEL                MUMBAI--		595.00	 	1,411.70
27 Jun 2021	27 Jun 2021	   BY TRANSFER-UPI/CR/117723412528/CHANDAN /YESB/sonymittal/UPI--	TRANSFER FROM 5098769162095	 	600.00	2,011.70
27 Jun 2021	27 Jun 2021	   TO TRANSFER-UPI/DR/117801609488/MOBIKWIK/ICIC/mobikwikad/NA--	TRANSFER TO 5098091162092	536.00	 	1,475.70
27 Jun 2021	27 Jun 2021	   TO TRANSFER-UPI/DR/117801595813/MOBIKWIK/ICIC/mobikwikad/NA--	TRANSFER TO 4692666162090	5.00	 	1,470.70
27 Jun 2021	27 Jun 2021	   TO TRANSFER-UPI/DR/117820616350/RAVI GARG/IOBA/9023310126/UPI--	TRANSFER TO 4898917162095	240.00	 	1,230.70
27 Jun 2021	27 Jun 2021	   TO TRANSFER-UPI/DR/117820743471/RAVI GARG/IOBA/9023310126/UPI--	TRANSFER TO 4694498162094	60.00	 	1,170.70
29 Jun 2021	29 Jun 2021	   BY TRANSFER-UPI/CR/118022159964/CHANDAN /YESB/sonymittal/UPI--	TRANSFER FROM 5098880162095	 	770.00	1,940.70
2 Jul 2021	2 Jul 2021	   by debit card-OTHPG 118305624119RAZ*Dhani             Mumbai--		76.00	 	1,864.70
2 Jul 2021	2 Jul 2021	   CSH DEP (CDM)-CDM0040100SBI BARNALA           BARNALA      PB IN--		 	100.00	1,964.70
5 Jul 2021	5 Jul 2021	   TO TRANSFER-UPI/DR/118606992604/flipkart/UTIB/flipkart.p/UPI T--	TRANSFER TO 4692421162099	461.00	 	1,503.70
6 Jul 2021	6 Jul 2021	   BY TRANSFER-UPI/CR/118707574606/MANJINDE/HDFC/devchallen/UPI--	TRANSFER FROM 4693114162092	 	15,000.00	16,503.70
6 Jul 2021	6 Jul 2021	   TO TRANSFER-UPI/DR/118720149198/91701001/utib/9170100187/UPI--	TRANSFER TO 5099458162091	15,000.00	 	1,503.70
6 Jul 2021	6 Jul 2021	   BY TRANSFER-UPI/CR/118734139785/ANJNA/SBIN/mittalanjn/UPI--	TRANSFER FROM 4693194162097	 	6,220.00	7,723.70
6 Jul 2021	6 Jul 2021	   by debit card-OTHPG 118715154452MOBIKWIK              GURGAON--		6,215.60	 	1,508.10
7 Jul 2021	7 Jul 2021	   BY TRANSFER-NEFT*HDFC0000001*N188211557793926*RIVAL SOLUTIONS*--	TRANSFER FROM 3199967044305	 	20,000.00	21,508.10
7 Jul 2021	7 Jul 2021	   TO TRANSFER-UPI/DR/118815535450/MANJINDE/HDFC/devchallen/UPI--	TRANSFER TO 5099512162091	5.00	 	21,503.10
7 Jul 2021	7 Jul 2021	   TO TRANSFER-UPI/DR/118818574452/BharatPe/FDRL/bharatpe.9/Verif--	TRANSFER TO 4692503162096	575.00	 	20,928.10
8 Jul 2021	8 Jul 2021	   TO TRANSFER-INB IMPS/P2A/118908617674/XXXXXXX220YESBnull--	LT0807082482309MOAESTNJN2               TRANSFER T	15,000.00	 	5,928.10
9 Jul 2021	9 Jul 2021	   TO TRANSFER-UPI/DR/119092449863/Mr  Gurt/PYTM/paytm-6245/Oid20--	TRANSFER TO 5097901162094	120.00	 	5,808.10
10 Jul 2021	10 Jul 2021	   BY TRANSFER-UPI/CR/119145115504/ABHISHEK/HDFC/9803150050/UPI--	TRANSFER FROM 4693583162095	 	15,000.00	20,808.10
10 Jul 2021	10 Jul 2021	   TO TRANSFER-UPI/DR/119109758126/MANJINDE/HDFC/devchallen/UPI--	TRANSFER TO 4694374162096	15,000.00	 	5,808.10
12 Jul 2021	12 Jul 2021	   TO TRANSFER-UPI/DR/119314945722/Upstox/HDFC/upstoxsec@/2UAZUQ--	TRANSFER TO 5097511162097	100.00	 	5,708.10
13 Jul 2021	13 Jul 2021	   TO TRANSFER-UPI/DR/119409888349/Upstox/HDFC/upstoxsec@/2UAZUQ--	TRANSFER TO 5097629162094	100.00	 	5,608.10
14 Jul 2021	14 Jul 2021	   by debit card-OTHPG 119508670912RAZ*Dhani             Mumbai--		88.00	 	5,520.10
14 Jul 2021	14 Jul 2021	   TO TRANSFER-UPI/DR/119509185511/UPSTOX/UTIB/upstoxsec2/UPSTOX--	TRANSFER TO 4692528162098	100.00	 	5,420.10
15 Jul 2021	15 Jul 2021	   BY TRANSFER-UPI/CR/119631478947/ANJNA/SBIN/mittalanjn/UPI--	TRANSFER FROM 4693391162093	 	2,100.00	7,520.10
15 Jul 2021	15 Jul 2021	   by debit card-OTHPG 119608368874RAZ*Dhani             Mumbai--		1,399.00	 	6,121.10
15 Jul 2021	15 Jul 2021	   TO TRANSFER-UPI/DR/119612776889/Upstox/HDFC/upstoxsec@/2UAZUQ--	TRANSFER TO 4692553162097	100.00	 	6,021.10
15 Jul 2021	15 Jul 2021	   ATM WDL-ATM CASH 422   NEAR CIVIL HOSPITAL , BARNALA--		400.00	 	5,621.10
16 Jul 2021	16 Jul 2021	   by debit card-OTHPG 119708000297RAZ*Dhani             Mumbai--		287.00	 	5,334.10
16 Jul 2021	16 Jul 2021	   TO TRANSFER-UPI/DR/119720958690/SUKHWIND/HDFC/sjattana.j/UPI--	TRANSFER TO 5099693162092	1,000.00	 	4,334.10
18 Jul 2021	18 Jul 2021	   TO TRANSFER-UPI/DR/119966637310/Dhani/ICIC/dhani.rzp@/Dhani--	TRANSFER TO 5098082162093	22.00	 	4,312.10
18 Jul 2021	18 Jul 2021	   BY TRANSFER-UPI/CR/119935292445/ANJNA  A/SBIN/9023381495/Payme--	TRANSFER FROM 5099295162094	 	7,200.00	11,512.10
19 Jul 2021	19 Jul 2021	   TO TRANSFER-INB Goods and Services Tax (G ---	21070300102570IK0BELBOH9               TRANSFER TO	9,180.00	 	2,332.10
21 Jul 2021	21 Jul 2021	   TO TRANSFER-UPI/DR/120207563145/Dhani/ICIC/dhani.rzp@/Dhani--	TRANSFER TO 5097710162090	79.00	 	2,253.10
22 Jul 2021	22 Jul 2021	   TO TRANSFER-UPI/DR/120308218614/Fi - Fed/FDRL/addfi.5555/UPI--	TRANSFER TO 5097823162092	200.00	 	2,053.10
23 Jul 2021	23 Jul 2021	   TO TRANSFER-UPI/DR/120409745160/Upstox/HDFC/upstoxsec@/2UAZUQ--	TRANSFER TO 4692592162091	300.00	 	1,753.10
23 Jul 2021	23 Jul 2021	   TO TRANSFER-UPI/DR/120409790695/Upstox/HDFC/upstoxsec@/2UAZUQ--	TRANSFER TO 5097896162096	600.00	 	1,153.10
25 Jul 2021	25 Jul 2021	   TO TRANSFER-UPI/DR/120647665162/Dhani/ICIC/dhani.rzp@/Dhani--	TRANSFER TO 5098093162090	623.00	 	530.10
25 Jul 2021	25 Jul 2021	   BY TRANSFER-UPI/CR/120612897287/GOOGLEPAY/UTIB/goog-payme/Earn--	TRANSFER FROM 4693698162095	 	5.00	535.10
26 Jul 2021	26 Jul 2021	   BY TRANSFER-UPI/CR/120623777265/Chandan /FDRL/cmittal@fb/UPI--	TRANSFER FROM 4692985162096	 	200.00	735.10
26 Jul 2021	26 Jul 2021	   BY TRANSFER-UPI/CR/120777229272/SHANKAR /KKBK/7696835914/NA--	TRANSFER FROM 4898938162090	 	50.00	785.10
26 Jul 2021	26 Jul 2021	   CSH DEP (CDM)-CDM7040103OPPOSITE PETROL PUMP  BARNALA      PB IN--		 	1,500.00	2,285.10
26 Jul 2021	26 Jul 2021	   TO TRANSFER-UPI/DR/120707508901/Dhani/UTIB/dhani.rzp@/Dhani--	TRANSFER TO 4692453162091	1,986.00	 	299.10
26 Jul 2021	26 Jul 2021	   BY TRANSFER-NEFT*HDFC0000240*N207211576806636*RKSV SECURITIES--	TRANSFER FROM 3199970044309	 	450.00	749.10
26 Jul 2021	26 Jul 2021	   TO TRANSFER-UPI/DR/120715354794/Dhani/UTIB/dhani.rzp@/Dhani--	TRANSFER TO 5097523162093	98.00	 	651.10
26 Jul 2021	26 Jul 2021	   TO TRANSFER-UPI/DR/120719888126/Fi - Fed/FDRL/addfi.5555/UPI--	TRANSFER TO 4692435162093	100.00	 	551.10
26 Jul 2021	26 Jul 2021	   BY TRANSFER-UPI/CR/120714740017/Chandan /FDRL/cmittal@fb/UPI--	TRANSFER FROM 4693047162096	 	100.00	651.10
26 Jul 2021	26 Jul 2021	   TO TRANSFER-UPI/DR/120720706342/Dhani/UTIB/dhani.rzp@/Dhani--	TRANSFER TO 4692424162096	53.00	 	598.10
27 Jul 2021	27 Jul 2021	   by debit card-OTHPG 120815479837AMAZON                MUMBAI--		70.00	 	528.10
27 Jul 2021	27 Jul 2021	   by debit card-OTHPG 120820104812RAZ*Dhani             Mumbai--		18.00	 	510.10
28 Jul 2021	28 Jul 2021	   by debit card-OTHPG 120919664633RAZ*Dhani             Mumbai--		216.00	 	294.10
29 Jul 2021	29 Jul 2021	   TO TRANSFER-UPI/DR/121023363922/EURONETG/ICIC/euronetgpa/UPI--	TRANSFER TO 4692603162093	150.00	 	144.10
30 Jul 2021	30 Jul 2021	   BY TRANSFER-NEFT*HDFC0000240*N211211581777509*RKSV SECURITIES--	TRANSFER FROM 3199418044301	 	1,039.00	1,183.10
30 Jul 2021	30 Jul 2021	   BY TRANSFER-UPI/CR/121113999489/MAYA DEVI/UTIB/harjinderk/UPI--	TRANSFER FROM 4897717162090	 	200.00	1,383.10
30 Jul 2021	30 Jul 2021	   TO TRANSFER-UPI/DR/121121586869/CRED/UTIB/cred@axisb/payment--	TRANSFER TO 4692606162090	550.00	 	833.10
31 Jul 2021	31 Jul 2021	   TO TRANSFER-UPI/DR/121215546901/MANDEEP /HDFC/mandeepkum/UPI--	TRANSFER TO 5099711162095	60.00	 	773.10
31 Jul 2021	31 Jul 2021	   by debit card-OTHPG 121216123615RAZ*Dhani             Mumbai--		167.00	 	606.10
2 Aug 2021	2 Aug 2021	   CSH DEP (CDM)-CDM1040109SBI BARNALA           BARNALA      PB IN--		 	2,500.00	3,106.10
3 Aug 2021	3 Aug 2021	   by debit card-OTHPG 121514731412RAZ*Dhani             Mumbai--		10.00	 	3,096.10
4 Aug 2021	4 Aug 2021	   BY TRANSFER-UPI/CR/121674109692/Paytm/PYTM/walletmone/NA--	TRANSFER FROM 4693273162098	 	322.00	3,418.10
4 Aug 2021	4 Aug 2021	   TO TRANSFER-UPI/DR/121607682008/ABHISHEK/HDFC/9803150050/UPI--	TRANSFER TO 5099487162097	322.00	 	3,096.10
4 Aug 2021	4 Aug 2021	   BY TRANSFER-UPI/CR/121607309022/GOOGLEPAY/UTIB/goog-payme/Earn--	TRANSFER FROM 4898964162099	 	2.00	3,098.10
4 Aug 2021	4 Aug 2021	   TO TRANSFER-UPI/DR/121628981418/Mobikwik/ICIC/mobikwikon/NA--	TRANSFER TO 4692538162096	329.00	 	2,769.10
4 Aug 2021	4 Aug 2021	   TO TRANSFER-UPI/DR/121629238615/Mobikwik/ICIC/mobikwikon/NA--	TRANSFER TO 4692505162094	99.00	 	2,670.10
5 Aug 2021	5 Aug 2021	   TO TRANSFER-UPI/DR/121703422562/Fi - Fed/FDRL/addfi.5555/UPI--	TRANSFER TO 4692565162094	200.00	 	2,470.10
5 Aug 2021	5 Aug 2021	   BY TRANSFER-UPI/CR/121711011724/Cash Free/YESB/cashfreepa/cash--	TRANSFER FROM 5099092162094	 	1,176.00	3,646.10
5 Aug 2021	5 Aug 2021	   TO TRANSFER-UPI/DR/121709821026/Chandan /FDRL/cmittal@fb/UPI--	TRANSFER TO 4694123162093	10.00	 	3,636.10
5 Aug 2021	5 Aug 2021	   BY TRANSFER-UPI/CR/121730204669/MRIDUL  /SBIN/9501452776/NA--	TRANSFER FROM 5099092162094	 	66.00	3,702.10
6 Aug 2021	6 Aug 2021	   by debit card-OTHPG 121805444603RAZ*Dhani             Mumbai--		188.00	 	3,514.10
6 Aug 2021	6 Aug 2021	   TO TRANSFER-UPI/DR/121805772945/Dhani/UTIB/dhani.rzp@/Dhani--	TRANSFER TO 5097904162091	11.00	 	3,503.10
6 Aug 2021	6 Aug 2021	   BY TRANSFER-NEFT*HDFC0000001*N218211591368428*RIVAL SOLUTIONS*--	TRANSFER FROM 3199676044305	 	13,000.00	16,503.10
6 Aug 2021	6 Aug 2021	   BY TRANSFER-UPI/CR/121815957805/Harjinde/CNRB/6239212545/NO RE--	TRANSFER FROM 4693504162098	 	15,000.00	31,503.10
7 Aug 2021	7 Aug 2021	   BY TRANSFER-UPI/CR/121820164560/Chandan /FDRL/cmittal@fb/UPI--	TRANSFER FROM 4693595162091	 	206.00	31,709.10
7 Aug 2021	7 Aug 2021	   by debit card-OTHPG 121836771982GOOGLE *TEMPORARY HOLDg.co/helpp--		1.00	 	31,708.10
7 Aug 2021	7 Aug 2021	   REVERSE POS PUR---		 	1.00	31,709.10
7 Aug 2021	7 Aug 2021	   by debit card-OTHPG 121938222911GOOGLE *TEMPORARY HOLDg.co/helpp--		1.00	 	31,708.10
7 Aug 2021	7 Aug 2021	   REVERSE POS PUR---		 	1.00	31,709.10
7 Aug 2021	7 Aug 2021	   BY TRANSFER-UPI/CR/121910765741/GURPREET/SBIN/9815738300/UPI--	TRANSFER FROM 5099225162097	 	3,540.00	35,249.10
8 Aug 2021	8 Aug 2021	   TO TRANSFER-UPI/DR/122019565859/PARDEEP /HDFC/Q24518645@/NA--	TRANSFER TO 5099847162099	100.00	 	35,149.10
9 Aug 2021	9 Aug 2021	   TO TRANSFER-UPI/DR/122110217060/GURPREET/SBIN/9815738300/UPI--	TRANSFER TO 5099348162097	50.00	 	35,099.10
9 Aug 2021	9 Aug 2021	   BY TRANSFER-INB IMPS122118459345/0000000000/XX0001/--	MAA000838645587          MAA000838645587          	 	21.00	35,120.10
10 Aug 2021	10 Aug 2021	   BY TRANSFER-NEFT*HDFC0000240*N222211597061051*RKSV SEC INDIA P--	TRANSFER FROM 3199423044304	 	300.00	35,420.10
11 Aug 2021	11 Aug 2021	   BY TRANSFER-INB IMPS122314049374/9762148373/XX0002/Account va--	MAC000802884575          MAC000802884575          	 	1.00	35,421.10
11 Aug 2021	11 Aug 2021	   TO TRANSFER-UPI/DR/122325205655/MOBIKWIK/ICIC/mobikwikad/NA--	TRANSFER TO 5097690162099	162.00	 	35,259.10
12 Aug 2021	12 Aug 2021	   TO TRANSFER-UPI/DR/122407433405/Harjinde/CNRB/6239212545/UPI--	TRANSFER TO 4694170162096	15,000.00	 	20,259.10
12 Aug 2021	12 Aug 2021	   by debit card-OTHPG 122411336247RAZ*Dhani             Mumbai--		200.00	 	20,059.10
12 Aug 2021	12 Aug 2021	   BY TRANSFER-UPI/CR/122440500820/ABHISHEK/HDFC/9803150050/UPI--	TRANSFER FROM 4898973162098	 	13,000.00	33,059.10
13 Aug 2021	13 Aug 2021	   TO TRANSFER-UPI/DR/122511256065/Jagseer /SBIN/rammisharm/UPI--	TRANSFER TO 5099631162095	15,000.00	 	18,059.10
13 Aug 2021	13 Aug 2021	   BY TRANSFER-UPI/CR/122511092718/GOOGLEPAY/UTIB/goog-payme/Earn--	TRANSFER FROM 4693509162093	 	5.00	18,064.10
15 Aug 2021	15 Aug 2021	   TO TRANSFER-UPI/DR/122715416672/SUKHWIND/HDFC/sjattana.j/UPI--	TRANSFER TO 5099802162091	1,000.00	 	17,064.10
16 Aug 2021	16 Aug 2021	   ATM WDL-ATM CASH 12281 Shimla Branch          Shimla Branc--		2,000.00	 	15,064.10
18 Aug 2021	18 Aug 2021	   by debit card-OTHPG 123013708958RAZ*Dhani             Mumbai--		100.00	 	14,964.10
19 Aug 2021	19 Aug 2021	   TO TRANSFER-UP/DR/123116976765--	TRANSFER TO 4692549162093	14,826.00	 	138.10
20 Aug 2021	20 Aug 2021	   BY TRANSFER-UPI/CR/123235635517/CHANDAN /YESB/sonymittal/UPI--	TRANSFER FROM 4693455162092	 	300.00	438.10
20 Aug 2021	20 Aug 2021	   BY TRANSFER-INB IMPS123220555891/5891123274/XX5595/Flipkart I--	MAA000849052883          MAA000849052883          	 	1.00	439.10
20 Aug 2021	20 Aug 2021	   BY TRANSFER-UPI/CR/123250370701/Paytm/PYTM/walletmone/NA--	TRANSFER FROM 5098606162092	 	760.00	1,199.10
23 Aug 2021	23 Aug 2021	   BY TRANSFER-UPI/CR/123570235136/CHANDAN /YESB/sonymittal/UPI--	TRANSFER FROM 4898937162091	 	20,000.00	21,199.10
23 Aug 2021	23 Aug 2021	   BY TRANSFER-UPI/CR/123519847450/ABHISHEK/SBIN/agarg2791@/chand--	TRANSFER FROM 4693047162096	 	1,500.00	22,699.10
23 Aug 2021	23 Aug 2021	   CSH DEP (CDM)-CDM4040104OPPOSITE PETROL PUMP  BARNALA      PB IN--		 	4,500.00	27,199.10
23 Aug 2021	23 Aug 2021	   CSH DEP (CDM)-CDM4040101OPPOSITE PETROL PUMP  BARNALA      PB IN--		 	4,200.00	31,399.10
23 Aug 2021	23 Aug 2021	   TO TRANSFER-UPI/DR/123520909654/CRED/UTIB/cred@axisb/payment--	TRANSFER TO 4692421162099	30,937.00	 	462.10
25 Aug 2021	25 Aug 2021	   BY TRANSFER-UPI/CR/123795401200/PUNJBINDER/HDFC/punjbinder/UPI--	TRANSFER FROM 5099024162095	 	700.00	1,162.10
27 Aug 2021	27 Aug 2021	   TO TRANSFER-UPI/DR/123905590487/IDFC Fir/ICIC/idfc.payu@/UPI T--	TRANSFER TO 4692606162090	799.00	 	363.10
27 Aug 2021	27 Aug 2021	   BY TRANSFER-INB IMPS123917740863/5891123274/XX5595/SHOPSY Fun--	MAA000854914176          MAA000854914176          	 	92.00	455.10
29 Aug 2021	29 Aug 2021	   BY TRANSFER-UPI/CR/124114432228/MANJINDE/HDFC/9041462660/UPI--	TRANSFER FROM 4693704162091	 	200.00	655.10
29 Aug 2021	29 Aug 2021	   TO TRANSFER-UPI/DR/124114216990/MANJINDE/HDFC/9041462660/UPI--	TRANSFER TO 5099844162092	140.00	 	515.10
31 Aug 2021	31 Aug 2021	   TO TRANSFER-UPI/DR/124308579041/AMAZON/UTIB/amazon@apl/Request--	TRANSFER TO 5097638162093	300.00	 	215.10
1 Sep 2021	1 Sep 2021	   by debit card-OTHPG 124407688501RAZ*Dhani             Mumbai--		10.00	 	205.10
1 Sep 2021	1 Sep 2021	   BY TRANSFER-UPI/CR/124457042712/JINKU KU/HDFC/8699370400/Payme--	TRANSFER FROM 5098992162099	 	90.00	295.10
2 Sep 2021	2 Sep 2021	   BY TRANSFER-UPI/CR/124502109270/RITESH  /SBIN/7814269835/Payme--	TRANSFER FROM 5099061162091	 	700.00	995.10
2 Sep 2021	2 Sep 2021	   BY TRANSFER-UPI/CR/124519618198/Harjinde/CNRB/6239212545/NO RE--	TRANSFER FROM 5099066162096	 	10,000.00	10,995.10
2 Sep 2021	2 Sep 2021	   TO TRANSFER-UPI/DR/124519160139/SUKHWIND/HDFC/sjattana.j/UPI--	TRANSFER TO 4694105162094	10,000.00	 	995.10
3 Sep 2021	3 Sep 2021	   BY TRANSFER-UPI/CR/124696753063/SUKHWIND/HDFC/sjattana.j/UPI--	TRANSFER FROM 5099104162095	 	5,000.00	5,995.10
3 Sep 2021	3 Sep 2021	   BY TRANSFER-INB IMPS124611186537/9988606468/XX0010/Domestic r--	MAB000848665381          MAB000848665381          	 	1.00	5,996.10
3 Sep 2021	3 Sep 2021	   BY TRANSFER-INB IMPS124611475282/7827915697/XX1825/IMPS to Ac--	MAC000823395087          MAC000823395087          	 	4,950.00	10,946.10
3 Sep 2021	3 Sep 2021	   TO TRANSFER-UPI/DR/124613841573/Harjinde/CNRB/6239212545/UPI--	TRANSFER TO 5097928162094	10,000.00	 	946.10
3 Sep 2021	3 Sep 2021	   TO TRANSFER-UPI/DR/124620371871/CHANDAN /YESB/sonymittal/UPI--	TRANSFER TO 5099698162097	400.00	 	546.10
4 Sep 2021	4 Sep 2021	   by debit card-OTHPG 124705417812RAZ*Dhani             Mumbai--		134.00	 	412.10
6 Sep 2021	6 Sep 2021	   TO TRANSFER-UPI/DR/124902980268/Chandan /FDRL/cmittal@fb/UPI--	TRANSFER TO 5099361162091	200.00	 	212.10
6 Sep 2021	6 Sep 2021	   BY TRANSFER-UPI/CR/124821412126/Chandan /FDRL/cmittal@fb/UPI--	TRANSFER FROM 4693078162090	 	400.00	612.10
7 Sep 2021	7 Sep 2021	   BY TRANSFER-NEFT*HDFC0000001*N250211627801592*RIVAL SOLUTIONS*--	TRANSFER FROM 3199422044305	 	20,000.00	20,612.10
7 Sep 2021	7 Sep 2021	   TO TRANSFER-UPI/DR/125016186003/CRED/UTIB/cred@axisb/payment--	TRANSFER TO 5097598162095	10,805.00	 	9,807.10
8 Sep 2021	8 Sep 2021	   TO TRANSFER-UPI/DR/125120025322/Chandan /FDRL/cmittal@fb/UPI--	TRANSFER TO 4694041162094	2,000.00	 	7,807.10
8 Sep 2021	8 Sep 2021	   TO TRANSFER-UPI/DR/125120999934/Chandan /FDRL/cmittal@fb/UPI--	TRANSFER TO 5099506162098	2,000.00	 	5,807.10
9 Sep 2021	9 Sep 2021	   BY TRANSFER-INB IMPS125204610460/9999999999/XX7539/FUNDS TRAN--	MAC000829106405          MAC000829106405          	 	1.00	5,808.10
11 Sep 2021	11 Sep 2021	   BY TRANSFER-UPI/CR/125412405750/PUNJBINDER/HDFC/punjbinder/UPI--	TRANSFER FROM 5098686162098	 	500.00	6,308.10
11 Sep 2021	11 Sep 2021	   TO TRANSFER-UPI/DR/125418793305/AMAZON/UTIB/amazon@apl/Request--	TRANSFER TO 5098005162094	555.00	 	5,753.10
11 Sep 2021	11 Sep 2021	   BY TRANSFER-UPI/CR/125412539613/PUNJBINDER/HDFC/punjbinder/UPI--	TRANSFER FROM 4693628162098	 	20.00	5,773.10
11 Sep 2021	11 Sep 2021	   BY TRANSFER-UPI/CR/125465009438/FIT MEAL/UJVN/fitmealbnl/UPI--	TRANSFER FROM 4693587162091	 	4,500.00	10,273.10
13 Sep 2021	13 Sep 2021	   ATM WDL-ATM CASH 12560 RAMBAGH ROAD OFFSITE BABARNALA--		8,000.00	 	2,273.10
15 Sep 2021	15 Sep 2021	   TO TRANSFER-UPI/DR/125809169479/GURPREET/SBIN/gurpreet38/UPI--	TRANSFER TO 5097753162090	55.00	 	2,218.10
17 Sep 2021	17 Sep 2021	   BY TRANSFER-UPI/CR/126005431348/Paytm/PYTM/walletmone/NA--	TRANSFER FROM 4899369162099	 	90.00	2,308.10
17 Sep 2021	17 Sep 2021	   TO TRANSFER-UPI/DR/126010274459/FIT MEAL/UJVN/fitmealbnl/UPI--	TRANSFER TO 4897678162092	90.00	 	2,218.10
20 Sep 2021	20 Sep 2021	   BY TRANSFER-UPI/CR/126382856427/FIT MEAL/UJVN/fitmealbnl/UPI--	TRANSFER FROM 5098876162092	 	414.00	2,632.10
20 Sep 2021	20 Sep 2021	   BY TRANSFER-UPI/CR/126382868215/FIT MEAL/UJVN/fitmealbnl/UPI--	TRANSFER FROM 4899329162096	 	414.00	3,046.10
20 Sep 2021	20 Sep 2021	   BY TRANSFER-UPI/CR/126382915979/FIT MEAL/UJVN/fitmealbnl/UPI--	TRANSFER FROM 4693040162092	 	86.00	3,132.10
21 Sep 2021	21 Sep 2021	   BY TRANSFER-UPI/CR/126402196923/Chandan /FDRL/cmittal@fb/UPI--	TRANSFER FROM 4898955162099	 	2,000.00	5,132.10
21 Sep 2021	21 Sep 2021	   BY TRANSFER-UPI/CR/126434330907/PUNJBINDER/HDFC/punjbinder/UPI--	TRANSFER FROM 5098313162095	 	5,000.00	10,132.10
23 Sep 2021	23 Sep 2021	   BY TRANSFER-NEFT*HDFC0000240*N266211646580234*RKSV SECURITIES--	TRANSFER FROM 3199967044305	 	9,700.00	19,832.10
23 Sep 2021	23 Sep 2021	   TO TRANSFER-UPI/DR/126618896188/Cred/YESB/credcc@yes/payment--	TRANSFER TO 5097823162092	8,000.00	 	11,832.10
23 Sep 2021	23 Sep 2021	   BY TRANSFER-UPI/CR/126646975117/Paytm/PYTM/walletmone/NA--	TRANSFER FROM 5099071162099	 	2,000.00	13,832.10
23 Sep 2021	23 Sep 2021	   TO TRANSFER-UPI/DR/126618696250/CRED/UTIB/cred@axisb/payment--	TRANSFER TO 4692548162094	100.00	 	13,732.10
24 Sep 2021	24 Sep 2021	   BY TRANSFER-INB IMPS126705574194/8657513001/XX0774/Account ve--	MAC000843267056          MAC000843267056          	 	1.04	13,733.14
24 Sep 2021	24 Sep 2021	   TO TRANSFER-UPI/DR/126705811043/CHANDAN /FDRL/sonymittal/UPI--	TRANSFER TO 5097930162099	50.00	 	13,683.14
24 Sep 2021	24 Sep 2021	   BY TRANSFER-UPI/CR/126768392516/Paytm/PYTM/walletmone/NA--	TRANSFER FROM 4693503162099	 	100.00	13,783.14
24 Sep 2021	24 Sep 2021	   TO TRANSFER-UPI/DR/126718712255/ABHISHEK/HDFC/9803150050/UPI--	TRANSFER TO 4898890162099	13,700.00	 	83.14
25 Sep 2021	25 Sep 2021	   CREDIT INTEREST---		 	43.00	126.14
27 Sep 2021	27 Sep 2021	   BY TRANSFER-NEFT*RATN0000999*000201230659*PINELABS PVT LTD*REM--	TRANSFER FROM 3199415044304	 	4.98	131.12
28 Sep 2021	28 Sep 2021	   BY TRANSFER-UPI/CR/127181512417/ONE MOBI/ICIC/mobikwikup/5cd08--	TRANSFER FROM 4693156162092	 	500.00	631.12
28 Sep 2021	28 Sep 2021	   TO TRANSFER-UPI/DR/127112763218/MRIDUL  /SBIN/mridul71gu/UPI--	TRANSFER TO 4693871162098	500.00	 	131.12
29 Sep 2021	29 Sep 2021	   BY TRANSFER-UPI/CR/127275378777/Paytm/PYTM/walletmone/NA--	TRANSFER FROM 4693288162091	 	750.00	881.12
30 Sep 2021	30 Sep 2021	   by debit card-OTHPG 127336679076GOOGLE *TEMPORARY HOLDg.co/helpp--		1.00	 	880.12
30 Sep 2021	30 Sep 2021	   REVERSE POS PUR---		 	1.00	881.12
1 Oct 2021	1 Oct 2021	   by debit card-OTHPG 127335679420GOOGLE *TEMPORARY HOLDg.co/helpp--		1.00	 	880.12
1 Oct 2021	1 Oct 2021	   REVERSE POS PUR---		 	1.00	881.12
1 Oct 2021	1 Oct 2021	   TO TRANSFER-UPI/DR/127482605810/SHIV  KU/SBIN/9023609242/Payme--	TRANSFER TO 4694227162095	700.00	 	181.12
2 Oct 2021	2 Oct 2021	   BY TRANSFER-UPI/CR/127537732011/ONE MOBI/ICIC/mobikwikup/5cd58--	TRANSFER FROM 4693597162099	 	200.00	381.12
2 Oct 2021	2 Oct 2021	   TO TRANSFER-UPI/DR/127581682617/Paytm/PYTM/add-money@/Oid15349--	TRANSFER TO 4692631162090	200.00	 	181.12
2 Oct 2021	2 Oct 2021	   BY TRANSFER-INB IMPS127514956211/5891123274/XX5595/SHOPSY Fun--	MAA000889062232          MAA000889062232          	 	123.00	304.12
3 Oct 2021	3 Oct 2021	   BY TRANSFER-UPI/CR/127616266460/Paytm/PYTM/walletmone/NA--	TRANSFER FROM 5098786162094	 	1,389.00	1,693.12
3 Oct 2021	3 Oct 2021	   TO TRANSFER-UPI/DR/127621920170/Paytm Po/PYTM/ptmppl@pay/Oid15--	TRANSFER TO 4898757162094	439.00	 	1,254.12
3 Oct 2021	3 Oct 2021	   TO TRANSFER-UPI/DR/127628914536/Paytm/PYTM/add-money@/Oid15369--	TRANSFER TO 5098102162094	800.00	 	454.12
3 Oct 2021	3 Oct 2021	   TO TRANSFER-UPI/DR/127636408309/Paytm/PYTM/add-money@/Oid15371--	TRANSFER TO 5098078162099	50.00	 	404.12
4 Oct 2021	4 Oct 2021	   BY TRANSFER-UPI/CR/127760307240/Paytm/PYTM/walletmone/NA--	TRANSFER FROM 5098847162096	 	1,285.00	1,689.12
4 Oct 2021	4 Oct 2021	   TO TRANSFER-UPI/DR/127760317254/Paytm Po/PYTM/ptmppl@pay/Oid15--	TRANSFER TO 4692443162093	459.00	 	1,230.12
4 Oct 2021	4 Oct 2021	   BY TRANSFER-UPI/CR/127777394982/Paytm/PYTM/walletmone/NA--	TRANSFER FROM 5098219162092	 	1,024.00	2,254.12
4 Oct 2021	4 Oct 2021	   BY TRANSFER-UPI/CR/127716514026/SANDEEP /HDFC/9814207808/UPI--	TRANSFER FROM 5098833162092	 	1,600.00	3,854.12
4 Oct 2021	4 Oct 2021	   TO TRANSFER-UPI/DR/127797167012/Add Mone/PYTM/add-money@/Oid15--	TRANSFER TO 5097548162094	2,182.00	 	1,672.12
5 Oct 2021	5 Oct 2021	   TO TRANSFER-UPI/DR/127831551337/Indiabul/UTIB/indiabulls/DHANI--	TRANSFER TO 4898280162093	8.00	 	1,664.12
5 Oct 2021	5 Oct 2021	   TO TRANSFER-UPI/DR/127874157807/PHONEPE/YESB/PHONEPEWAL/Paymen--	TRANSFER TO 4898279162097	1.00	 	1,663.12
5 Oct 2021	5 Oct 2021	   BY TRANSFER-UPI/CR/127833940460/Paytm/PYTM/walletmone/NA--	TRANSFER FROM 5098950162097	 	2,182.00	3,845.12
6 Oct 2021	6 Oct 2021	   BY TRANSFER-UPI/CR/127922986924/SHIV  KU/SBIN/mittalshiv/UPI--	TRANSFER FROM 5098425162097	 	3,290.00	7,135.12
7 Oct 2021	7 Oct 2021	   TO TRANSFER-INB Goods and Services Tax (G ---	21100300010198IK0BHZDSJ3               TRANSFER TO	3,290.00	 	3,845.12
7 Oct 2021	7 Oct 2021	   BY TRANSFER-UPI/CR/128015168588/SANDEEP /HDFC/9814207808/UPI--	TRANSFER FROM 5099096162090	 	4,000.00	7,845.12
7 Oct 2021	7 Oct 2021	   BY TRANSFER-UPI/CR/128016622452/Harjinde/CNRB/6239212545/NO RE--	TRANSFER FROM 5098522162096	 	7,500.00	15,345.12
7 Oct 2021	7 Oct 2021	   TO TRANSFER-UPI/DR/128016314540/CRED/UTIB/cred@axisb/payment--	TRANSFER TO 5097794162092	13,200.00	 	2,145.12
8 Oct 2021	8 Oct 2021	   BY TRANSFER-NEFT*HDFC0000001*N281211666579179*RIVAL SOLUTIONS*--	TRANSFER FROM 3199420044306	 	20,000.00	22,145.12
8 Oct 2021	8 Oct 2021	   TO TRANSFER-UPI/DR/128111704671/CRED/UTIB/cred@axisb/payment--	TRANSFER TO 5097922162090	5,000.00	 	17,145.12
8 Oct 2021	8 Oct 2021	   TO TRANSFER-UPI/DR/128112447846/CHANDAN /FDRL/sonymittal/UPI--	TRANSFER TO 4898895162095	5,000.00	 	12,145.12
8 Oct 2021	8 Oct 2021	   TO TRANSFER-UPI/DR/128112481807/CHANDAN /FDRL/sonymittal/UPI--	TRANSFER TO 5099687162090	2,000.00	 	10,145.12
9 Oct 2021	9 Oct 2021	   BY TRANSFER-UPI/CR/128297466671/PUNJBINDER/HDFC/punjbinder/UPI--	TRANSFER FROM 4693567162095	 	530.00	10,675.12
10 Oct 2021	10 Oct 2021	   BY TRANSFER-UPI/CR/128305684314/Chandan /FDRL/cmittal@fb/UPI--	TRANSFER FROM 4693657162093	 	7,000.00	17,675.12
10 Oct 2021	10 Oct 2021	   BY TRANSFER-UPI/CR/128356458597/JAGSEER /ICIC/rammisharm/UPI--	TRANSFER FROM 5099324162095	 	1,186.00	18,861.12
10 Oct 2021	10 Oct 2021	   ATM WDL-ATM CASH 9824  SBI ATM KC ROAD       BARNALA--		10,000.00	 	8,861.12
10 Oct 2021	10 Oct 2021	   ATM WDL-ATM CASH 9825  SBI ATM KC ROAD       BARNALA--		5,000.00	 	3,861.12
10 Oct 2021	10 Oct 2021	   TO TRANSFER-UPI/DR/128351012307/Flipkart/PYTM/paytm-5650/OidPZ--	TRANSFER TO 5097527162099	1,224.00	 	2,637.12
10 Oct 2021	10 Oct 2021	   BY TRANSFER-UPI/CR/128351052509/Paytm/PYTM/walletmone/NA--	TRANSFER FROM 4693018162091	 	100.00	2,737.12
10 Oct 2021	10 Oct 2021	   BY TRANSFER-INB IMPS128323788809/0000000000/XX0003/--	MAB000886087077          MAB000886087077          	 	1.00	2,738.12
12 Oct 2021	12 Oct 2021	   TO TRANSFER-UPI/DR/128511957675/Fi - Fed/FDRL/addfi.5555/UPI--	TRANSFER TO 4692476162095	700.00	 	2,038.12
12 Oct 2021	12 Oct 2021	   BY TRANSFER-UPI/CR/128510334322/Flipkart/PYTM/paytm-5650/expre--	TRANSFER FROM 4693158162090	 	1,124.00	3,162.12
12 Oct 2021	12 Oct 2021	   TO TRANSFER-UPI/DR/128516105741/Fi  Fede/FDRL/addfi.5555/Payme--	TRANSFER TO 4692482162097	300.00	 	2,862.12
12 Oct 2021	12 Oct 2021	   TO TRANSFER-UPI/DR/128515453881/Fi - Fed/FDRL/addfi.5555/UPI--	TRANSFER TO 4692472162099	800.00	 	2,062.12
15 Oct 2021	15 Oct 2021	   BY TRANSFER-UPI/CR/128813001606/Harjinde/CNRB/6239212545/Flipk--	TRANSFER FROM 4693497162093	 	5,500.00	7,562.12
15 Oct 2021	15 Oct 2021	   TO TRANSFER-UPI/DR/128820208161/Smytten/ICIC/smytten.rz/Smytte--	TRANSFER TO 5097883162091	447.00	 	7,115.12
16 Oct 2021	16 Oct 2021	   TO TRANSFER-UPI/DR/128908243645/CHANDAN /YESB/sonymittal/UPI--	TRANSFER TO 4694313162098	5,100.00	 	2,015.12
18 Oct 2021	18 Oct 2021	   TO TRANSFER-UPI/DR/129112367696/Jio Mobi/YESB/jio@yesban/JIO20--	TRANSFER TO 4692429162091	21.00	 	1,994.12
18 Oct 2021	18 Oct 2021	   BY TRANSFER-UPI/CR/129127413509/RITESH  /SBIN/7814269835/Payme--	TRANSFER FROM 4693086162090	 	621.00	2,615.12
19 Oct 2021	19 Oct 2021	   TO TRANSFER-UPI/DR/129208902806/MRIDUL  /SBIN/mridul71gu/UPI--	TRANSFER TO 4693872162097	2,000.00	 	615.12
22 Oct 2021	22 Oct 2021	   BY TRANSFER-INB IMPS129506791867/9999999999/XX9716/SHOPSY Fun--	MAB000897389315          MAB000897389315          	 	306.00	921.12
23 Oct 2021	23 Oct 2021	   TO TRANSFER-UPI/DR/129614729328/Havmor i/PYTM/paytmqr281/UPI--	TRANSFER TO 5098013162095	550.00	 	371.12
23 Oct 2021	23 Oct 2021	   BY TRANSFER-NEFT*HDFC0000240*N296211684071471*RKSV SECURITIES--	TRANSFER FROM 3199955044308	 	9.16	380.28

**This is a computer generated statement and does not require a signature

